symbol,price,volume,timestamp,sector
AAPL,101.93,221309,2025-08-22T18:52:48.782724,Energy
AAPL,106.54,408544,2025-08-21T18:52:48.782750,Energy
AAPL,106.11,747340,2025-08-20T18:52:48.782756,Healthcare
AAPL,105.22,548756,2025-08-19T18:52:48.782760,Finance
AAPL,110.18,406172,2025-08-18T18:52:48.782763,Healthcare
AAPL,106.8,163932,2025-08-17T18:52:48.782767,Tech
AAPL,108.64,64649,2025-08-16T18:52:48.782770,Healthcare
AAPL,104.13,687552,2025-08-15T18:52:48.782773,Energy
AAPL,107.49,17309,2025-08-14T18:52:48.782776,Finance
AAPL,111.5,923096,2025-08-13T18:52:48.782779,Healthcare
AAPL,107.93,809038,2025-08-12T18:52:48.782782,Tech
AAPL,111.75,508157,2025-08-11T18:52:48.782785,Finance
AAPL,111.1,709552,2025-08-10T18:52:48.782788,Energy
AAPL,113.29,659576,2025-08-09T18:52:48.782791,Finance
AAPL,118.42,132709,2025-08-08T18:52:48.782794,Energy
AAPL,113.37,121266,2025-08-07T18:52:48.782796,Energy
AAPL,111.18,475428,2025-08-06T18:52:48.782799,Finance
AAPL,112.18,962985,2025-08-05T18:52:48.782802,Healthcare
AAPL,115.48,258894,2025-08-04T18:52:48.782805,Tech
AAPL,118.54,101253,2025-08-03T18:52:48.782808,Finance
AAPL,118.96,800034,2025-08-02T18:52:48.782811,Energy
AAPL,120.77,276665,2025-08-01T18:52:48.782814,Healthcare
AAPL,120.01,894068,2025-07-31T18:52:48.782817,Finance
AAPL,121.62,211052,2025-07-30T18:52:48.782820,Finance
AAPL,122.1,250734,2025-07-29T18:52:48.782823,Energy
AAPL,117.02,688091,2025-07-28T18:52:48.782826,Energy
AAPL,115.35,530149,2025-07-27T18:52:48.782829,Tech
AAPL,116.01,638109,2025-07-26T18:52:48.782832,Energy
AAPL,120.0,287374,2025-07-25T18:52:48.782835,Healthcare
AAPL,120.34,63653,2025-07-24T18:52:48.782867,Energy
AAPL,123.02,50830,2025-07-23T18:52:48.782951,Energy
AAPL,122.23,761585,2025-07-22T18:52:48.782968,Tech
AAPL,118.79,963561,2025-07-21T18:52:48.782977,Healthcare
AAPL,120.38,709133,2025-07-20T18:52:48.782984,Energy
AAPL,124.07,247538,2025-07-19T18:52:48.782992,Tech
AAPL,126.52,72902,2025-07-18T18:52:48.782999,Tech
AAPL,127.58,231271,2025-07-17T18:52:48.783006,Healthcare
AAPL,132.03,601939,2025-07-16T18:52:48.783012,Healthcare
AAPL,129.75,356100,2025-07-15T18:52:48.783019,Finance
AAPL,130.99,134747,2025-07-14T18:52:48.783026,Healthcare
AAPL,134.17,164123,2025-07-13T18:52:48.783033,Tech
AAPL,138.1,613038,2025-07-12T18:52:48.783040,Energy
AAPL,135.03,725379,2025-07-11T18:52:48.783046,Finance
AAPL,134.76,439874,2025-07-10T18:52:48.783053,Energy
AAPL,131.18,373876,2025-07-09T18:52:48.783060,Healthcare
AAPL,135.33,795969,2025-07-08T18:52:48.783066,Healthcare
AAPL,130.56,94346,2025-07-07T18:52:48.783073,Energy
AAPL,135.4,520949,2025-07-06T18:52:48.783080,Finance
AAPL,141.94,871647,2025-07-05T18:52:48.783086,Tech
AAPL,140.0,805355,2025-07-04T18:52:48.783093,Tech
AAPL,142.21,783536,2025-07-03T18:52:48.783100,Healthcare
AAPL,147.1,116116,2025-07-02T18:52:48.783107,Healthcare
AAPL,145.82,247124,2025-07-01T18:52:48.783114,Healthcare
AAPL,138.56,896825,2025-06-30T18:52:48.783121,Energy
AAPL,137.36,511866,2025-06-29T18:52:48.783127,Energy
AAPL,132.02,499437,2025-06-28T18:52:48.783134,Energy
AAPL,126.48,416236,2025-06-27T18:52:48.783141,Tech
AAPL,128.95,292287,2025-06-26T18:52:48.783159,Healthcare
AAPL,134.25,650536,2025-06-25T18:52:48.783164,Energy
AAPL,137.84,652343,2025-06-24T18:52:48.783168,Finance
AAPL,134.83,596640,2025-06-23T18:52:48.783171,Finance
AAPL,138.17,418941,2025-06-22T18:52:48.783174,Tech
AAPL,140.05,153132,2025-06-21T18:52:48.783177,Healthcare
AAPL,142.07,730368,2025-06-20T18:52:48.783180,Healthcare
AAPL,137.32,116394,2025-06-19T18:52:48.783183,Tech
AAPL,140.07,353542,2025-06-18T18:52:48.783186,Finance
AAPL,138.89,264536,2025-06-17T18:52:48.783189,Tech
AAPL,135.76,862179,2025-06-16T18:52:48.783192,Healthcare
AAPL,139.73,190574,2025-06-15T18:52:48.783195,Finance
AAPL,139.93,374434,2025-06-14T18:52:48.783197,Finance
AAPL,137.61,876554,2025-06-13T18:52:48.783200,Finance
AAPL,131.59,571958,2025-06-12T18:52:48.783203,Finance
AAPL,131.49,943531,2025-06-11T18:52:48.783206,Tech
AAPL,125.79,804196,2025-06-10T18:52:48.783209,Tech
AAPL,122.46,460905,2025-06-09T18:52:48.783212,Healthcare
AAPL,118.84,825693,2025-06-08T18:52:48.783215,Energy
AAPL,121.79,904651,2025-06-07T18:52:48.783218,Healthcare
AAPL,116.68,465996,2025-06-06T18:52:48.783221,Finance
AAPL,120.39,341362,2025-06-05T18:52:48.783224,Tech
AAPL,117.77,189482,2025-06-04T18:52:48.783227,Energy
AAPL,113.38,76677,2025-06-03T18:52:48.783230,Energy
AAPL,111.47,490238,2025-06-02T18:52:48.783233,Healthcare
AAPL,109.01,53728,2025-06-01T18:52:48.783236,Finance
AAPL,112.44,774038,2025-05-31T18:52:48.783238,Healthcare
AAPL,116.9,132930,2025-05-30T18:52:48.783241,Finance
AAPL,121.53,505647,2025-05-29T18:52:48.783244,Tech
AAPL,125.54,711123,2025-05-28T18:52:48.783247,Tech
AAPL,126.49,197329,2025-05-27T18:52:48.783250,Tech
AAPL,126.51,795777,2025-05-26T18:52:48.783253,Tech
AAPL,129.53,749861,2025-05-25T18:52:48.783256,Tech
AAPL,134.43,267549,2025-05-24T18:52:48.783259,Energy
AAPL,138.94,96743,2025-05-23T18:52:48.783262,Finance
AAPL,138.49,493315,2025-05-22T18:52:48.783265,Healthcare
AAPL,135.5,302440,2025-05-21T18:52:48.783268,Healthcare
AAPL,135.48,871645,2025-05-20T18:52:48.783271,Tech
AAPL,139.39,724863,2025-05-19T18:52:48.783273,Finance
AAPL,134.2,842036,2025-05-18T18:52:48.783276,Tech
AAPL,130.61,554764,2025-05-17T18:52:48.783279,Energy
AAPL,130.45,612623,2025-05-16T18:52:48.783307,Energy
AAPL,133.74,412375,2025-05-15T18:52:48.783318,Healthcare
AAPL,127.82,699977,2025-05-14T18:52:48.783325,Finance
AAPL,132.48,48555,2025-05-13T18:52:48.783332,Finance
AAPL,135.34,951031,2025-05-12T18:52:48.783340,Tech
AAPL,135.57,141013,2025-05-11T18:52:48.783347,Finance
AAPL,137.91,721851,2025-05-10T18:52:48.783354,Tech
AAPL,140.45,855633,2025-05-09T18:52:48.783361,Tech
AAPL,146.13,254429,2025-05-08T18:52:48.783368,Healthcare
AAPL,145.12,645876,2025-05-07T18:52:48.783376,Energy
AAPL,141.01,861116,2025-05-06T18:52:48.783387,Finance
AAPL,145.56,715045,2025-05-05T18:52:48.783394,Healthcare
AAPL,141.41,480527,2025-05-04T18:52:48.783401,Energy
AAPL,148.46,599843,2025-05-03T18:52:48.783408,Tech
AAPL,148.37,18156,2025-05-02T18:52:48.783415,Healthcare
AAPL,144.68,859283,2025-05-01T18:52:48.783423,Healthcare
AAPL,140.11,409007,2025-04-30T18:52:48.783430,Energy
AAPL,134.56,977649,2025-04-29T18:52:48.783437,Finance
AAPL,130.27,172273,2025-04-28T18:52:48.783444,Energy
AAPL,128.62,380624,2025-04-27T18:52:48.783451,Energy
AAPL,128.63,88821,2025-04-26T18:52:48.783458,Tech
AAPL,127.95,497810,2025-04-25T18:52:48.783482,Finance
AAPL,130.44,59127,2025-04-24T18:52:48.783500,Healthcare
AAPL,131.24,876142,2025-04-23T18:52:48.783509,Energy
AAPL,129.75,736662,2025-04-22T18:52:48.783517,Energy
AAPL,124.47,887292,2025-04-21T18:52:48.783524,Tech
AAPL,123.78,371624,2025-04-20T18:52:48.783531,Finance
AAPL,126.99,569952,2025-04-19T18:52:48.783538,Finance
AAPL,131.42,983064,2025-04-18T18:52:48.783545,Energy
AAPL,136.63,688974,2025-04-17T18:52:48.783567,Energy
AAPL,132.6,920388,2025-04-16T18:52:48.783577,Finance
AAPL,130.63,873801,2025-04-15T18:52:48.783581,Healthcare
AAPL,124.84,350064,2025-04-14T18:52:48.783584,Healthcare
AAPL,124.32,788596,2025-04-13T18:52:48.783588,Finance
AAPL,119.4,224163,2025-04-12T18:52:48.783591,Finance
AAPL,117.92,898004,2025-04-11T18:52:48.783594,Healthcare
AAPL,117.27,426395,2025-04-10T18:52:48.783597,Energy
AAPL,112.59,323382,2025-04-09T18:52:48.783600,Energy
AAPL,113.07,253530,2025-04-08T18:52:48.783603,Healthcare
AAPL,114.95,701657,2025-04-07T18:52:48.783606,Finance
AAPL,113.26,794099,2025-04-06T18:52:48.783610,Energy
AAPL,112.54,515388,2025-04-05T18:52:48.783613,Finance
AAPL,116.34,913068,2025-04-04T18:52:48.783616,Finance
AAPL,121.18,188444,2025-04-03T18:52:48.783619,Healthcare
AAPL,123.66,170626,2025-04-02T18:52:48.783622,Tech
AAPL,127.04,803801,2025-04-01T18:52:48.783625,Healthcare
AAPL,123.85,94710,2025-03-31T18:52:48.783628,Tech
AAPL,129.68,206484,2025-03-30T18:52:48.783631,Finance
AAPL,133.54,692652,2025-03-29T18:52:48.783634,Finance
AAPL,136.06,656180,2025-03-28T18:52:48.783637,Healthcare
AAPL,129.41,355221,2025-03-27T18:52:48.783640,Healthcare
AAPL,128.8,685212,2025-03-26T18:52:48.783643,Tech
AAPL,126.63,25496,2025-03-25T18:52:48.783748,Tech
AAPL,130.14,551069,2025-03-24T18:52:48.783754,Healthcare
AAPL,131.23,739917,2025-03-23T18:52:48.783757,Tech
AAPL,124.92,55894,2025-03-22T18:52:48.783760,Energy
AAPL,123.54,806877,2025-03-21T18:52:48.783763,Finance
AAPL,120.99,999542,2025-03-20T18:52:48.783809,Healthcare
AAPL,120.56,860980,2025-03-19T18:52:48.783812,Healthcare
AAPL,121.71,803483,2025-03-18T18:52:48.783815,Healthcare
AAPL,119.63,212120,2025-03-17T18:52:48.783818,Tech
AAPL,117.37,675443,2025-03-16T18:52:48.783821,Healthcare
AAPL,120.33,707268,2025-03-15T18:52:48.783824,Finance
AAPL,121.41,452023,2025-03-14T18:52:48.783827,Tech
AAPL,120.63,225496,2025-03-13T18:52:48.783830,Healthcare
AAPL,118.44,139583,2025-03-12T18:52:48.783833,Healthcare
AAPL,121.52,870994,2025-03-11T18:52:48.783836,Finance
AAPL,118.36,660273,2025-03-10T18:52:48.783839,Healthcare
AAPL,120.32,512161,2025-03-09T18:52:48.783842,Healthcare
AAPL,118.27,543789,2025-03-08T18:52:48.783845,Finance
AAPL,116.48,963143,2025-03-07T18:52:48.783848,Tech
AAPL,116.46,821572,2025-03-06T18:52:48.783851,Energy
AAPL,117.94,620116,2025-03-05T18:52:48.783854,Energy
AAPL,117.38,889141,2025-03-04T18:52:48.783857,Energy
AAPL,122.38,200401,2025-03-03T18:52:48.783860,Finance
AAPL,125.41,552693,2025-03-02T18:52:48.783863,Tech
AAPL,120.15,552283,2025-03-01T18:52:48.783888,Energy
AAPL,124.54,51129,2025-02-28T18:52:48.783892,Finance
AAPL,119.03,719934,2025-02-27T18:52:48.783895,Energy
AAPL,121.89,717840,2025-02-26T18:52:48.783898,Tech
AAPL,120.27,554533,2025-02-25T18:52:48.783901,Tech
AAPL,120.79,600473,2025-02-24T18:52:48.783904,Energy
AAPL,115.51,835628,2025-02-23T18:52:48.783907,Energy
AAPL,110.65,988239,2025-02-22T18:52:48.783910,Finance
AAPL,113.48,614727,2025-02-21T18:52:48.783913,Finance
AAPL,115.01,566479,2025-02-20T18:52:48.783916,Healthcare
AAPL,114.61,765248,2025-02-19T18:52:48.783919,Energy
AAPL,119.42,555571,2025-02-18T18:52:48.783922,Healthcare
AAPL,122.83,749004,2025-02-17T18:52:48.783924,Energy
AAPL,118.63,740648,2025-02-16T18:52:48.783927,Tech
AAPL,123.09,616039,2025-02-15T18:52:48.783930,Tech
AAPL,124.86,911399,2025-02-14T18:52:48.783933,Finance
AAPL,123.33,338021,2025-02-13T18:52:48.783936,Energy
AAPL,123.19,187734,2025-02-12T18:52:48.783939,Energy
AAPL,124.65,92992,2025-02-11T18:52:48.783942,Finance
AAPL,122.76,291120,2025-02-10T18:52:48.783945,Finance
AAPL,121.95,438587,2025-02-09T18:52:48.783947,Healthcare
AAPL,126.43,959359,2025-02-08T18:52:48.783950,Tech
AAPL,120.53,77365,2025-02-07T18:52:48.783953,Tech
AAPL,115.35,326728,2025-02-06T18:52:48.783956,Finance
AAPL,118.23,541240,2025-02-05T18:52:48.783959,Tech
AAPL,119.22,828526,2025-02-04T18:52:48.783962,Healthcare
AAPL,116.09,737380,2025-02-03T18:52:48.783965,Tech
AAPL,110.9,107418,2025-02-02T18:52:48.783968,Tech
AAPL,112.91,658060,2025-02-01T18:52:48.783970,Healthcare
AAPL,109.57,656615,2025-01-31T18:52:48.783974,Energy
AAPL,106.94,485591,2025-01-30T18:52:48.783977,Healthcare
AAPL,106.8,750464,2025-01-29T18:52:48.783980,Finance
AAPL,111.1,497170,2025-01-28T18:52:48.783983,Energy
AAPL,106.84,175731,2025-01-27T18:52:48.783985,Healthcare
AAPL,101.8,555148,2025-01-26T18:52:48.783988,Finance
AAPL,103.76,864012,2025-01-25T18:52:48.783991,Finance
AAPL,102.36,692503,2025-01-24T18:52:48.783994,Energy
AAPL,98.77,124962,2025-01-23T18:52:48.783997,Tech
AAPL,102.99,538158,2025-01-22T18:52:48.784008,Finance
AAPL,98.11,527856,2025-01-21T18:52:48.784011,Healthcare
AAPL,93.82,209213,2025-01-20T18:52:48.784014,Finance
AAPL,93.42,169475,2025-01-19T18:52:48.784018,Healthcare
AAPL,93.61,129825,2025-01-18T18:52:48.784021,Energy
AAPL,95.8,501977,2025-01-17T18:52:48.784024,Finance
AAPL,99.6,579563,2025-01-16T18:52:48.784026,Tech
AAPL,103.84,147672,2025-01-15T18:52:48.784029,Healthcare
AAPL,101.5,785538,2025-01-14T18:52:48.784032,Energy
AAPL,97.67,258481,2025-01-13T18:52:48.784035,Healthcare
AAPL,99.35,642327,2025-01-12T18:52:48.784038,Finance
AAPL,96.84,202081,2025-01-11T18:52:48.784041,Healthcare
AAPL,99.46,143447,2025-01-10T18:52:48.784044,Energy
AAPL,97.73,286694,2025-01-09T18:52:48.784047,Healthcare
AAPL,93.61,803724,2025-01-08T18:52:48.784049,Finance
AAPL,89.79,946114,2025-01-07T18:52:48.784053,Finance
AAPL,86.84,884610,2025-01-06T18:52:48.784056,Energy
AAPL,90.83,684849,2025-01-05T18:52:48.784059,Energy
AAPL,90.94,220072,2025-01-04T18:52:48.784062,Energy
AAPL,92.01,987677,2025-01-03T18:52:48.784064,Energy
AAPL,90.12,286416,2025-01-02T18:52:48.784067,Tech
AAPL,94.34,309010,2025-01-01T18:52:48.784070,Finance
AAPL,94.97,832425,2024-12-31T18:52:48.784073,Finance
AAPL,93.56,688370,2024-12-30T18:52:48.784076,Healthcare
AAPL,90.72,469987,2024-12-29T18:52:48.784079,Tech
AAPL,89.96,553273,2024-12-28T18:52:48.784081,Tech
AAPL,91.06,825603,2024-12-27T18:52:48.784084,Healthcare
AAPL,91.74,45477,2024-12-26T18:52:48.784087,Tech
AAPL,90.14,253570,2024-12-25T18:52:48.784090,Healthcare
AAPL,90.57,325343,2024-12-24T18:52:48.784093,Finance
AAPL,87.5,737930,2024-12-23T18:52:48.784096,Energy
AAPL,89.02,870524,2024-12-22T18:52:48.784099,Healthcare
AAPL,84.61,140313,2024-12-21T18:52:48.784102,Tech
AAPL,86.97,390307,2024-12-20T18:52:48.784104,Energy
AAPL,87.7,260846,2024-12-19T18:52:48.784107,Energy
AAPL,91.8,986618,2024-12-18T18:52:48.784110,Finance
AAPL,89.1,469721,2024-12-17T18:52:48.784113,Healthcare
AAPL,89.68,810291,2024-12-16T18:52:48.784116,Healthcare
AAPL,89.21,586655,2024-12-15T18:52:48.784119,Finance
AAPL,91.17,559390,2024-12-14T18:52:48.784122,Energy
AAPL,90.31,887133,2024-12-13T18:52:48.784124,Finance
AAPL,90.59,844401,2024-12-12T18:52:48.784127,Healthcare
AAPL,91.15,26821,2024-12-11T18:52:48.784131,Finance
AAPL,93.59,141828,2024-12-10T18:52:48.784134,Healthcare
AAPL,91.08,849507,2024-12-09T18:52:48.784136,Healthcare
AAPL,95.62,158691,2024-12-08T18:52:48.784139,Tech
AAPL,94.63,464624,2024-12-07T18:52:48.784142,Healthcare
AAPL,94.16,512783,2024-12-06T18:52:48.784146,Tech
AAPL,98.22,593147,2024-12-05T18:52:48.784149,Tech
AAPL,96.9,339052,2024-12-04T18:52:48.784152,Finance
AAPL,99.43,98598,2024-12-03T18:52:48.784154,Energy
AAPL,100.13,394184,2024-12-02T18:52:48.784157,Healthcare
AAPL,98.46,953362,2024-12-01T18:52:48.784160,Finance
AAPL,102.83,866910,2024-11-30T18:52:48.784163,Finance
AAPL,104.17,48896,2024-11-29T18:52:48.784166,Energy
AAPL,99.08,246691,2024-11-28T18:52:48.784169,Energy
AAPL,101.83,522285,2024-11-27T18:52:48.784172,Finance
AAPL,100.31,972946,2024-11-26T18:52:48.784175,Finance
AAPL,104.31,877364,2024-11-25T18:52:48.784177,Tech
AAPL,103.52,869832,2024-11-24T18:52:48.784180,Energy
AAPL,103.98,376322,2024-11-23T18:52:48.784183,Healthcare
AAPL,105.08,366738,2024-11-22T18:52:48.784186,Healthcare
AAPL,107.71,950719,2024-11-21T18:52:48.784189,Healthcare
AAPL,112.29,788077,2024-11-20T18:52:48.784192,Finance
AAPL,113.12,834890,2024-11-19T18:52:48.784195,Healthcare
AAPL,116.37,44572,2024-11-18T18:52:48.784198,Tech
AAPL,115.45,986243,2024-11-17T18:52:48.784201,Healthcare
AAPL,115.33,209169,2024-11-16T18:52:48.784204,Tech
AAPL,113.24,683931,2024-11-15T18:52:48.784207,Finance
AAPL,111.07,395197,2024-11-14T18:52:48.784210,Finance
AAPL,112.68,177938,2024-11-13T18:52:48.784213,Healthcare
AAPL,107.52,88112,2024-11-12T18:52:48.784216,Healthcare
AAPL,108.1,191842,2024-11-11T18:52:48.784218,Finance
AAPL,110.57,527606,2024-11-10T18:52:48.784221,Healthcare
AAPL,109.33,496823,2024-11-09T18:52:48.784224,Energy
AAPL,108.23,281052,2024-11-08T18:52:48.784227,Healthcare
AAPL,109.21,584566,2024-11-07T18:52:48.784230,Healthcare
AAPL,113.06,29986,2024-11-06T18:52:48.784233,Finance
AAPL,118.62,329156,2024-11-05T18:52:48.784236,Healthcare
AAPL,123.83,24312,2024-11-04T18:52:48.784239,Tech
AAPL,126.88,558756,2024-11-03T18:52:48.784242,Healthcare
AAPL,131.03,627518,2024-11-02T18:52:48.784245,Energy
AAPL,135.45,214097,2024-11-01T18:52:48.784248,Finance
AAPL,134.46,444332,2024-10-31T18:52:48.784250,Healthcare
AAPL,131.79,869165,2024-10-30T18:52:48.784253,Tech
AAPL,135.0,572331,2024-10-29T18:52:48.784256,Finance
AAPL,137.48,38437,2024-10-28T18:52:48.784259,Healthcare
AAPL,138.06,115910,2024-10-27T18:52:48.784262,Tech
AAPL,141.31,282986,2024-10-26T18:52:48.784265,Energy
AAPL,144.36,399720,2024-10-25T18:52:48.784294,Tech
AAPL,139.05,915810,2024-10-24T18:52:48.784298,Finance
AAPL,134.87,866581,2024-10-23T18:52:48.784308,Finance
AAPL,136.93,345637,2024-10-22T18:52:48.784312,Finance
AAPL,137.68,33164,2024-10-21T18:52:48.784316,Healthcare
AAPL,142.05,23913,2024-10-20T18:52:48.784319,Finance
AAPL,144.2,317800,2024-10-19T18:52:48.784322,Healthcare
AAPL,144.97,305549,2024-10-18T18:52:48.784325,Tech
AAPL,140.07,617336,2024-10-17T18:52:48.784328,Healthcare
AAPL,142.31,523564,2024-10-16T18:52:48.784331,Finance
AAPL,140.8,845454,2024-10-15T18:52:48.784334,Energy
AAPL,134.65,644666,2024-10-14T18:52:48.784337,Energy
AAPL,128.86,376078,2024-10-13T18:52:48.784340,Tech
AAPL,128.06,204267,2024-10-12T18:52:48.784342,Energy
AAPL,125.99,424355,2024-10-11T18:52:48.784345,Energy
AAPL,130.13,420021,2024-10-10T18:52:48.784348,Energy
AAPL,134.32,729103,2024-10-09T18:52:48.784351,Tech
AAPL,129.3,346156,2024-10-08T18:52:48.784354,Healthcare
AAPL,127.58,125478,2024-10-07T18:52:48.784357,Healthcare
AAPL,126.58,244900,2024-10-06T18:52:48.784360,Finance
AAPL,129.39,55279,2024-10-05T18:52:48.784363,Healthcare
AAPL,124.28,299635,2024-10-04T18:52:48.784365,Healthcare
AAPL,118.14,343919,2024-10-03T18:52:48.784369,Tech
AAPL,119.65,866864,2024-10-02T18:52:48.784371,Healthcare
AAPL,122.92,386704,2024-10-01T18:52:48.784374,Healthcare
AAPL,123.47,669819,2024-09-30T18:52:48.784377,Energy
AAPL,127.24,240612,2024-09-29T18:52:48.784380,Tech
AAPL,127.85,153160,2024-09-28T18:52:48.784383,Tech
AAPL,125.53,264375,2024-09-27T18:52:48.784386,Tech
AAPL,122.05,516267,2024-09-26T18:52:48.784389,Healthcare
AAPL,121.95,172371,2024-09-25T18:52:48.784392,Energy
AAPL,126.28,678703,2024-09-24T18:52:48.784394,Healthcare
AAPL,131.47,791067,2024-09-23T18:52:48.784397,Finance
AAPL,125.43,344468,2024-09-22T18:52:48.784400,Tech
AAPL,121.7,423621,2024-09-21T18:52:48.784403,Tech
AAPL,126.19,927581,2024-09-20T18:52:48.784406,Energy
AAPL,131.6,625922,2024-09-19T18:52:48.784409,Energy
AAPL,130.86,650974,2024-09-18T18:52:48.784412,Energy
AAPL,126.75,377151,2024-09-17T18:52:48.784415,Healthcare
AAPL,129.35,13658,2024-09-16T18:52:48.784418,Tech
AAPL,125.91,249458,2024-09-15T18:52:48.784421,Energy
AAPL,127.35,732669,2024-09-14T18:52:48.784424,Energy
AAPL,124.8,280452,2024-09-13T18:52:48.784427,Tech
AAPL,129.31,477116,2024-09-12T18:52:48.784429,Energy
AAPL,131.99,831796,2024-09-11T18:52:48.784432,Healthcare
AAPL,131.62,19018,2024-09-10T18:52:48.784435,Finance
AAPL,130.44,940855,2024-09-09T18:52:48.784438,Tech
AAPL,126.17,907112,2024-09-08T18:52:48.784441,Energy
AAPL,122.39,952192,2024-09-07T18:52:48.784444,Energy
AAPL,123.21,932322,2024-09-06T18:52:48.784447,Tech
AAPL,124.62,669943,2024-09-05T18:52:48.784449,Tech
AAPL,123.56,128804,2024-09-04T18:52:48.784456,Healthcare
AAPL,129.02,573382,2024-09-03T18:52:48.784461,Healthcare
AAPL,135.01,813719,2024-09-02T18:52:48.784464,Healthcare
AAPL,140.31,686452,2024-09-01T18:52:48.784467,Tech
AAPL,142.69,448501,2024-08-31T18:52:48.784470,Finance
AAPL,146.47,62488,2024-08-30T18:52:48.784473,Healthcare
AAPL,143.85,175539,2024-08-29T18:52:48.784476,Tech
AAPL,144.67,62329,2024-08-28T18:52:48.784479,Energy
AAPL,141.47,601642,2024-08-27T18:52:48.784482,Tech
AAPL,140.74,737127,2024-08-26T18:52:48.784484,Tech
AAPL,133.9,370256,2024-08-25T18:52:48.784487,Healthcare
AAPL,140.44,39931,2024-08-24T18:52:48.784490,Healthcare
AAPL,134.02,212127,2024-08-23T18:52:48.784493,Tech
AAPL,138.82,914270,2024-08-22T18:52:48.784496,Energy
AAPL,138.22,238084,2024-08-21T18:52:48.784499,Healthcare
AAPL,136.02,736281,2024-08-20T18:52:48.784502,Tech
AAPL,130.52,37173,2024-08-19T18:52:48.784504,Healthcare
AAPL,135.42,113047,2024-08-18T18:52:48.784507,Energy
AAPL,139.79,417914,2024-08-17T18:52:48.784510,Finance
AAPL,133.52,304505,2024-08-16T18:52:48.784513,Finance
AAPL,139.72,545554,2024-08-15T18:52:48.784516,Healthcare
AAPL,134.98,610879,2024-08-14T18:52:48.784519,Healthcare
AAPL,130.98,464613,2024-08-13T18:52:48.784522,Healthcare
AAPL,128.75,163069,2024-08-12T18:52:48.784525,Healthcare
AAPL,126.53,921999,2024-08-11T18:52:48.784528,Energy
AAPL,123.96,77108,2024-08-10T18:52:48.784530,Energy
AAPL,125.14,972667,2024-08-09T18:52:48.784534,Tech
AAPL,126.56,553306,2024-08-08T18:52:48.784537,Energy
AAPL,131.99,205328,2024-08-07T18:52:48.784539,Finance
AAPL,129.09,646286,2024-08-06T18:52:48.784543,Finance
AAPL,126.3,846644,2024-08-05T18:52:48.784546,Finance
AAPL,122.76,648860,2024-08-04T18:52:48.784549,Finance
AAPL,125.35,203647,2024-08-03T18:52:48.784552,Energy
AAPL,128.88,644463,2024-08-02T18:52:48.784554,Healthcare
AAPL,134.09,186582,2024-08-01T18:52:48.784557,Healthcare
AAPL,132.68,131238,2024-07-31T18:52:48.784560,Healthcare
AAPL,137.37,48958,2024-07-30T18:52:48.784563,Tech
AAPL,143.08,238232,2024-07-29T18:52:48.784566,Tech
AAPL,149.71,915984,2024-07-28T18:52:48.784569,Finance
AAPL,151.81,193152,2024-07-27T18:52:48.784572,Tech
AAPL,153.01,486909,2024-07-26T18:52:48.784575,Healthcare
AAPL,155.81,161622,2024-07-25T18:52:48.784578,Tech
AAPL,158.26,899212,2024-07-24T18:52:48.784581,Tech
AAPL,157.37,599315,2024-07-23T18:52:48.784584,Healthcare
AAPL,163.67,200104,2024-07-22T18:52:48.784586,Healthcare
AAPL,162.68,950610,2024-07-21T18:52:48.784589,Finance
AAPL,159.84,548755,2024-07-20T18:52:48.784592,Healthcare
AAPL,153.39,939248,2024-07-19T18:52:48.784595,Healthcare
AAPL,158.0,349889,2024-07-18T18:52:48.784598,Finance
AAPL,165.18,463766,2024-07-17T18:52:48.784601,Finance
AAPL,169.54,583865,2024-07-16T18:52:48.784604,Tech
AAPL,162.11,572577,2024-07-15T18:52:48.784607,Finance
AAPL,160.22,292822,2024-07-14T18:52:48.784610,Finance
AAPL,164.4,62160,2024-07-13T18:52:48.784613,Tech
AAPL,158.29,528231,2024-07-12T18:52:48.784616,Finance
AAPL,166.1,946802,2024-07-11T18:52:48.784619,Tech
AAPL,167.44,65979,2024-07-10T18:52:48.784622,Energy
AAPL,171.96,662201,2024-07-09T18:52:48.784624,Healthcare
AAPL,176.92,391700,2024-07-08T18:52:48.784628,Finance
AAPL,182.84,918215,2024-07-07T18:52:48.784631,Healthcare
AAPL,184.58,14789,2024-07-06T18:52:48.784634,Energy
AAPL,185.95,999492,2024-07-05T18:52:48.784637,Finance
AAPL,178.19,822723,2024-07-04T18:52:48.784644,Tech
AAPL,184.47,15666,2024-07-03T18:52:48.784649,Healthcare
AAPL,176.3,300914,2024-07-02T18:52:48.784652,Energy
AAPL,181.38,139581,2024-07-01T18:52:48.784655,Tech
AAPL,186.41,556437,2024-06-30T18:52:48.784658,Healthcare
AAPL,178.97,498485,2024-06-29T18:52:48.784661,Tech
AAPL,180.42,920051,2024-06-28T18:52:48.784664,Energy
AAPL,179.14,835046,2024-06-27T18:52:48.784667,Healthcare
AAPL,187.62,156483,2024-06-26T18:52:48.784670,Healthcare
AAPL,179.35,67417,2024-06-25T18:52:48.784673,Tech
AAPL,181.32,519300,2024-06-24T18:52:48.784676,Finance
AAPL,182.55,583774,2024-06-23T18:52:48.784678,Tech
AAPL,182.43,179466,2024-06-22T18:52:48.784681,Energy
AAPL,175.02,704170,2024-06-21T18:52:48.784684,Energy
AAPL,179.93,569988,2024-06-20T18:52:48.784687,Healthcare
AAPL,178.33,949278,2024-06-19T18:52:48.784690,Healthcare
AAPL,184.33,222139,2024-06-18T18:52:48.784694,Tech
AAPL,191.51,649944,2024-06-17T18:52:48.784696,Finance
AAPL,200.08,152648,2024-06-16T18:52:48.784699,Energy
AAPL,197.63,84843,2024-06-15T18:52:48.784702,Finance
AAPL,193.23,656589,2024-06-14T18:52:48.784705,Energy
AAPL,192.4,864952,2024-06-13T18:52:48.784708,Healthcare
AAPL,191.2,86371,2024-06-12T18:52:48.784711,Tech
AAPL,188.6,955425,2024-06-11T18:52:48.784714,Finance
AAPL,187.18,195370,2024-06-10T18:52:48.784716,Energy
AAPL,186.03,600899,2024-06-09T18:52:48.784719,Tech
AAPL,188.7,519507,2024-06-08T18:52:48.784722,Tech
AAPL,192.6,930010,2024-06-07T18:52:48.784725,Healthcare
AAPL,193.64,430407,2024-06-06T18:52:48.784728,Healthcare
AAPL,187.43,695866,2024-06-05T18:52:48.784731,Finance
AAPL,181.75,705253,2024-06-04T18:52:48.784733,Energy
AAPL,183.58,522419,2024-06-03T18:52:48.784736,Tech
AAPL,189.37,18514,2024-06-02T18:52:48.784739,Finance
AAPL,192.6,739721,2024-06-01T18:52:48.784742,Tech
AAPL,187.34,197422,2024-05-31T18:52:48.784745,Tech
AAPL,194.32,538990,2024-05-30T18:52:48.784748,Healthcare
AAPL,193.0,915268,2024-05-29T18:52:48.784751,Energy
AAPL,199.66,719703,2024-05-28T18:52:48.784754,Finance
AAPL,190.94,748441,2024-05-27T18:52:48.784776,Energy
AAPL,183.86,854687,2024-05-26T18:52:48.784779,Tech
AAPL,178.26,323528,2024-05-25T18:52:48.784782,Tech
AAPL,180.03,387261,2024-05-24T18:52:48.784785,Energy
AAPL,176.97,883987,2024-05-23T18:52:48.784788,Energy
AAPL,178.78,645763,2024-05-22T18:52:48.784791,Energy
AAPL,181.87,95956,2024-05-21T18:52:48.784794,Tech
AAPL,181.49,952521,2024-05-20T18:52:48.784797,Finance
AAPL,175.72,733237,2024-05-19T18:52:48.784800,Healthcare
AAPL,173.21,342072,2024-05-18T18:52:48.784803,Tech
AAPL,167.65,685451,2024-05-17T18:52:48.784805,Finance
AAPL,173.03,559608,2024-05-16T18:52:48.784808,Tech
AAPL,174.17,674039,2024-05-15T18:52:48.784811,Finance
AAPL,175.42,454281,2024-05-14T18:52:48.784814,Healthcare
AAPL,179.17,525840,2024-05-13T18:52:48.784817,Energy
AAPL,183.25,990992,2024-05-12T18:52:48.784825,Finance
AAPL,188.61,150953,2024-05-11T18:52:48.784828,Healthcare
AAPL,197.59,529177,2024-05-10T18:52:48.784831,Tech
AAPL,190.51,728820,2024-05-09T18:52:48.784834,Healthcare
AAPL,192.81,242708,2024-05-08T18:52:48.784837,Tech
AAPL,188.61,548746,2024-05-07T18:52:48.784840,Finance
AAPL,188.09,927323,2024-05-06T18:52:48.784843,Tech
AAPL,180.65,933640,2024-05-05T18:52:48.784846,Healthcare
AAPL,176.29,888146,2024-05-04T18:52:48.784849,Finance
AAPL,169.99,724896,2024-05-03T18:52:48.784852,Tech
AAPL,164.3,34391,2024-05-02T18:52:48.784855,Energy
AAPL,158.46,387769,2024-05-01T18:52:48.784857,Tech
AAPL,161.29,368879,2024-04-30T18:52:48.784860,Tech
AAPL,168.86,554920,2024-04-29T18:52:48.784863,Tech
AAPL,163.84,375205,2024-04-28T18:52:48.784866,Healthcare
AAPL,156.12,235012,2024-04-27T18:52:48.784869,Healthcare
AAPL,163.38,120656,2024-04-26T18:52:48.784872,Finance
AAPL,159.14,95646,2024-04-25T18:52:48.784875,Finance
AAPL,158.54,889489,2024-04-24T18:52:48.784878,Healthcare
AAPL,153.09,974183,2024-04-23T18:52:48.784881,Healthcare
AAPL,154.26,786875,2024-04-22T18:52:48.784883,Energy
AAPL,150.47,883096,2024-04-21T18:52:48.784886,Finance
AAPL,156.12,646174,2024-04-20T18:52:48.784889,Finance
AAPL,156.25,560933,2024-04-19T18:52:48.784892,Tech
AAPL,162.6,475277,2024-04-18T18:52:48.784895,Energy
AAPL,169.6,114558,2024-04-17T18:52:48.784898,Finance
AAPL,172.68,198347,2024-04-16T18:52:48.784900,Finance
AAPL,179.5,387800,2024-04-15T18:52:48.784904,Finance
AAPL,172.16,896707,2024-04-14T18:52:48.784907,Energy
AAPL,167.08,223248,2024-04-13T18:52:48.784910,Finance
AAPL,164.12,927924,2024-04-12T18:52:48.784913,Energy
AAPL,167.77,809992,2024-04-11T18:52:48.784915,Energy
AAPL,169.45,137023,2024-04-10T18:52:48.784918,Finance
AAPL,167.75,836493,2024-04-09T18:52:48.784921,Finance
AAPL,173.06,876199,2024-04-08T18:52:48.784924,Tech
AAPL,167.01,478070,2024-04-07T18:52:48.784928,Finance
AAPL,160.29,601629,2024-04-06T18:52:48.784931,Healthcare
AAPL,153.3,561863,2024-04-05T18:52:48.784933,Tech
AAPL,154.43,961799,2024-04-04T18:52:48.784936,Energy
AAPL,157.08,864393,2024-04-03T18:52:48.784939,Energy
AAPL,153.61,906957,2024-04-02T18:52:48.784942,Healthcare
AAPL,146.19,762068,2024-04-01T18:52:48.784945,Tech
AAPL,149.98,692117,2024-03-31T18:52:48.784948,Energy
AAPL,151.36,953906,2024-03-30T18:52:48.784951,Finance
AAPL,144.61,672431,2024-03-29T18:52:48.784953,Energy
AAPL,149.9,219372,2024-03-28T18:52:48.784956,Tech
AAPL,156.13,411117,2024-03-27T18:52:48.784959,Healthcare
AAPL,156.08,839018,2024-03-26T18:52:48.784962,Tech
AAPL,158.67,454755,2024-03-25T18:52:48.784965,Healthcare
AAPL,160.19,165862,2024-03-24T18:52:48.784968,Healthcare
AAPL,165.22,86171,2024-03-23T18:52:48.784971,Energy
AAPL,168.34,338833,2024-03-22T18:52:48.784974,Finance
AAPL,176.51,212050,2024-03-21T18:52:48.784977,Energy
AAPL,182.32,338639,2024-03-20T18:52:48.784981,Finance
AAPL,189.47,278056,2024-03-19T18:52:48.784984,Healthcare
AAPL,186.06,88206,2024-03-18T18:52:48.784987,Tech
AAPL,177.62,600936,2024-03-17T18:52:48.784996,Healthcare
AAPL,179.53,131399,2024-03-16T18:52:48.785000,Tech
AAPL,176.98,590405,2024-03-15T18:52:48.785003,Healthcare
AAPL,172.71,831705,2024-03-14T18:52:48.785006,Tech
AAPL,168.27,304256,2024-03-13T18:52:48.785008,Energy
AAPL,165.74,891371,2024-03-12T18:52:48.785011,Finance
AAPL,165.44,143185,2024-03-11T18:52:48.785015,Energy
AAPL,157.5,858193,2024-03-10T18:52:48.785018,Tech
AAPL,161.93,551091,2024-03-09T18:52:48.785021,Energy
AAPL,159.28,213393,2024-03-08T18:52:48.785024,Finance
AAPL,163.9,759289,2024-03-07T18:52:48.785027,Tech
AAPL,159.24,608044,2024-03-06T18:52:48.785030,Finance
AAPL,151.34,407364,2024-03-05T18:52:48.785033,Tech
AAPL,144.02,834189,2024-03-04T18:52:48.785035,Tech
AAPL,143.92,888545,2024-03-03T18:52:48.785038,Finance
AAPL,139.45,134641,2024-03-02T18:52:48.785041,Tech
AAPL,145.07,17523,2024-03-01T18:52:48.785044,Healthcare
AAPL,149.45,112618,2024-02-29T18:52:48.785047,Energy
AAPL,155.74,278240,2024-02-28T18:52:48.785050,Healthcare
AAPL,150.97,329438,2024-02-27T18:52:48.785053,Healthcare
AAPL,148.26,88300,2024-02-26T18:52:48.785056,Finance
AAPL,154.3,201295,2024-02-25T18:52:48.785059,Healthcare
AAPL,152.58,808819,2024-02-24T18:52:48.785062,Tech
AAPL,146.9,264931,2024-02-23T18:52:48.785065,Tech
AAPL,141.7,447436,2024-02-22T18:52:48.785068,Energy
AAPL,141.15,484818,2024-02-21T18:52:48.785071,Healthcare
AAPL,143.68,624337,2024-02-20T18:52:48.785073,Tech
AAPL,146.69,704198,2024-02-19T18:52:48.785076,Healthcare
AAPL,141.14,112855,2024-02-18T18:52:48.785079,Energy
AAPL,139.76,149990,2024-02-17T18:52:48.785082,Finance
AAPL,145.14,650212,2024-02-16T18:52:48.785085,Healthcare
AAPL,148.96,355212,2024-02-15T18:52:48.785088,Finance
AAPL,151.25,275963,2024-02-14T18:52:48.785091,Healthcare
AAPL,147.49,578481,2024-02-13T18:52:48.785094,Tech
AAPL,140.51,270680,2024-02-12T18:52:48.785097,Energy
AAPL,145.2,187024,2024-02-11T18:52:48.785100,Finance
AAPL,147.31,749127,2024-02-10T18:52:48.785109,Finance
AAPL,146.84,635300,2024-02-09T18:52:48.785112,Finance
AAPL,149.89,93656,2024-02-08T18:52:48.785116,Tech
AAPL,145.79,686183,2024-02-07T18:52:48.785119,Finance
AAPL,142.17,501949,2024-02-06T18:52:48.785122,Finance
AAPL,146.32,150218,2024-02-05T18:52:48.785125,Healthcare
AAPL,143.86,110693,2024-02-04T18:52:48.785128,Healthcare
AAPL,144.58,12677,2024-02-03T18:52:48.785131,Finance
AAPL,150.77,420873,2024-02-02T18:52:48.785134,Tech
AAPL,151.93,806605,2024-02-01T18:52:48.785136,Finance
AAPL,145.84,571065,2024-01-31T18:52:48.785139,Healthcare
AAPL,149.24,148301,2024-01-30T18:52:48.785142,Finance
AAPL,153.59,346230,2024-01-29T18:52:48.785145,Energy
AAPL,159.89,161950,2024-01-28T18:52:48.785148,Healthcare
AAPL,156.64,172550,2024-01-27T18:52:48.785151,Healthcare
AAPL,160.43,933956,2024-01-26T18:52:48.785154,Finance
AAPL,153.41,438634,2024-01-25T18:52:48.785157,Tech
AAPL,157.48,88931,2024-01-24T18:52:48.785160,Tech
AAPL,152.52,66268,2024-01-23T18:52:48.785163,Energy
AAPL,153.9,302868,2024-01-22T18:52:48.785166,Healthcare
AAPL,156.78,677393,2024-01-21T18:52:48.785169,Finance
AAPL,153.42,616901,2024-01-20T18:52:48.785171,Finance
AAPL,150.06,411150,2024-01-19T18:52:48.785175,Tech
AAPL,155.71,419769,2024-01-18T18:52:48.785177,Tech
AAPL,154.43,725753,2024-01-17T18:52:48.785180,Energy
AAPL,154.44,827646,2024-01-16T18:52:48.785183,Healthcare
AAPL,147.87,610990,2024-01-15T18:52:48.785186,Finance
AAPL,149.8,189017,2024-01-14T18:52:48.785189,Energy
AAPL,155.16,363827,2024-01-13T18:52:48.785191,Energy
AAPL,150.93,132136,2024-01-12T18:52:48.785194,Healthcare
AAPL,146.55,291626,2024-01-11T18:52:48.785197,Healthcare
AAPL,141.35,29229,2024-01-10T18:52:48.785200,Finance
AAPL,135.73,705665,2024-01-09T18:52:48.785203,Finance
AAPL,141.26,280375,2024-01-08T18:52:48.785206,Energy
AAPL,135.71,710025,2024-01-07T18:52:48.785209,Healthcare
AAPL,131.71,217931,2024-01-06T18:52:48.785211,Tech
AAPL,129.47,566727,2024-01-05T18:52:48.785214,Finance
AAPL,132.44,317122,2024-01-04T18:52:48.785217,Tech
AAPL,130.15,485385,2024-01-03T18:52:48.785220,Energy
AAPL,131.65,508094,2024-01-02T18:52:48.785223,Healthcare
AAPL,125.9,873266,2024-01-01T18:52:48.785226,Healthcare
AAPL,127.58,640568,2023-12-31T18:52:48.785228,Tech
AAPL,124.73,424376,2023-12-30T18:52:48.785231,Healthcare
AAPL,121.36,971293,2023-12-29T18:52:48.785234,Tech
AAPL,120.31,609022,2023-12-28T18:52:48.785254,Tech
AAPL,118.0,654086,2023-12-27T18:52:48.785258,Tech
AAPL,115.85,257304,2023-12-26T18:52:48.785261,Healthcare
AAPL,115.6,636761,2023-12-25T18:52:48.785264,Tech
AAPL,110.41,822833,2023-12-24T18:52:48.785266,Healthcare
AAPL,105.29,944668,2023-12-23T18:52:48.785269,Healthcare
AAPL,106.47,732336,2023-12-22T18:52:48.785272,Healthcare
AAPL,104.88,741751,2023-12-21T18:52:48.785275,Finance
AAPL,109.15,87192,2023-12-20T18:52:48.785278,Healthcare
AAPL,110.03,674103,2023-12-19T18:52:48.785281,Finance
AAPL,110.72,286081,2023-12-18T18:52:48.785299,Energy
AAPL,112.44,522220,2023-12-17T18:52:48.785304,Healthcare
AAPL,113.06,634420,2023-12-16T18:52:48.785307,Tech
AAPL,116.29,921405,2023-12-15T18:52:48.785310,Tech
AAPL,114.65,265381,2023-12-14T18:52:48.785313,Healthcare
AAPL,110.76,719613,2023-12-13T18:52:48.785316,Healthcare
AAPL,112.66,196635,2023-12-12T18:52:48.785319,Finance
AAPL,112.06,415545,2023-12-11T18:52:48.785322,Energy
AAPL,117.3,435916,2023-12-10T18:52:48.785325,Energy
AAPL,119.54,637174,2023-12-09T18:52:48.785327,Finance
AAPL,123.94,874828,2023-12-08T18:52:48.785330,Finance
AAPL,119.17,161781,2023-12-07T18:52:48.785333,Finance
AAPL,114.1,496462,2023-12-06T18:52:48.785336,Finance
AAPL,113.09,182814,2023-12-05T18:52:48.785339,Tech
AAPL,113.03,395837,2023-12-04T18:52:48.785342,Energy
AAPL,112.61,311248,2023-12-03T18:52:48.785345,Energy
AAPL,116.53,727267,2023-12-02T18:52:48.785348,Healthcare
AAPL,120.26,772825,2023-12-01T18:52:48.785351,Healthcare
AAPL,122.01,525921,2023-11-30T18:52:48.785354,Energy
AAPL,124.11,112945,2023-11-29T18:52:48.785357,Tech
AAPL,118.77,880582,2023-11-28T18:52:48.785359,Finance
AAPL,114.66,327490,2023-11-27T18:52:48.785362,Energy
AAPL,119.03,831041,2023-11-26T18:52:48.785365,Energy
AAPL,114.78,430504,2023-11-25T18:52:48.785368,Tech
AAPL,116.85,747849,2023-11-24T18:52:48.785371,Healthcare
AAPL,111.51,484538,2023-11-23T18:52:48.785374,Tech
AAPL,109.99,921892,2023-11-22T18:52:48.785376,Finance
AAPL,114.85,22279,2023-11-21T18:52:48.785379,Energy
AAPL,116.44,348897,2023-11-20T18:52:48.785382,Finance
AAPL,117.37,795166,2023-11-19T18:52:48.785385,Healthcare
AAPL,113.76,29257,2023-11-18T18:52:48.785388,Healthcare
AAPL,117.55,605227,2023-11-17T18:52:48.785391,Tech
AAPL,116.11,836281,2023-11-16T18:52:48.785394,Tech
AAPL,115.51,128474,2023-11-15T18:52:48.785397,Finance
AAPL,119.15,453151,2023-11-14T18:52:48.785399,Finance
AAPL,115.58,57912,2023-11-13T18:52:48.785402,Tech
AAPL,120.44,361894,2023-11-12T18:52:48.785405,Finance
AAPL,125.34,205904,2023-11-11T18:52:48.785408,Tech
AAPL,129.86,592812,2023-11-10T18:52:48.785411,Tech
AAPL,135.03,66774,2023-11-09T18:52:48.785413,Healthcare
AAPL,137.4,507482,2023-11-08T18:52:48.785416,Tech
AAPL,133.79,889530,2023-11-07T18:52:48.785419,Healthcare
AAPL,136.98,690598,2023-11-06T18:52:48.785422,Healthcare
AAPL,131.23,157541,2023-11-05T18:52:48.785425,Finance
AAPL,125.47,991645,2023-11-04T18:52:48.785428,Energy
AAPL,122.94,579777,2023-11-03T18:52:48.785431,Healthcare
AAPL,117.75,527812,2023-11-02T18:52:48.785433,Finance
AAPL,112.11,993514,2023-11-01T18:52:48.785436,Tech
AAPL,106.71,110521,2023-10-31T18:52:48.785439,Energy
AAPL,104.75,210743,2023-10-30T18:52:48.785442,Healthcare
AAPL,100.21,358682,2023-10-29T18:52:48.785445,Finance
AAPL,97.42,869522,2023-10-28T18:52:48.785448,Healthcare
AAPL,99.51,320310,2023-10-27T18:52:48.785451,Tech
AAPL,100.04,347832,2023-10-26T18:52:48.785457,Energy
AAPL,101.48,515447,2023-10-25T18:52:48.785462,Tech
AAPL,102.59,279495,2023-10-24T18:52:48.785465,Healthcare
AAPL,101.99,124286,2023-10-23T18:52:48.785468,Tech
AAPL,101.22,161548,2023-10-22T18:52:48.785471,Energy
AAPL,105.93,543348,2023-10-21T18:52:48.785474,Healthcare
AAPL,105.46,233408,2023-10-20T18:52:48.785476,Finance
AAPL,104.43,418546,2023-10-19T18:52:48.785479,Finance
AAPL,107.28,630616,2023-10-18T18:52:48.785482,Energy
AAPL,107.44,670486,2023-10-17T18:52:48.785485,Healthcare
AAPL,109.48,792836,2023-10-16T18:52:48.785488,Finance
AAPL,106.48,270278,2023-10-15T18:52:48.785491,Healthcare
AAPL,109.65,621607,2023-10-14T18:52:48.785494,Energy
AAPL,105.82,846529,2023-10-13T18:52:48.785497,Healthcare
AAPL,101.49,786803,2023-10-12T18:52:48.785500,Energy
AAPL,105.35,808432,2023-10-11T18:52:48.785503,Finance
AAPL,107.49,415719,2023-10-10T18:52:48.785506,Energy
AAPL,110.75,609951,2023-10-09T18:52:48.785508,Healthcare
AAPL,111.68,364152,2023-10-08T18:52:48.785511,Finance
AAPL,116.68,462318,2023-10-07T18:52:48.785514,Healthcare
AAPL,116.93,660404,2023-10-06T18:52:48.785517,Finance
AAPL,114.03,131306,2023-10-05T18:52:48.785520,Finance
AAPL,119.23,167804,2023-10-04T18:52:48.785523,Finance
AAPL,116.96,41605,2023-10-03T18:52:48.785526,Energy
AAPL,117.98,445276,2023-10-02T18:52:48.785529,Finance
AAPL,122.98,619197,2023-10-01T18:52:48.785532,Finance
AAPL,123.52,838765,2023-09-30T18:52:48.785534,Healthcare
AAPL,119.05,636609,2023-09-29T18:52:48.785537,Energy
AAPL,119.02,498737,2023-09-28T18:52:48.785540,Healthcare
AAPL,123.67,395840,2023-09-27T18:52:48.785543,Finance
AAPL,119.53,19823,2023-09-26T18:52:48.785546,Energy
AAPL,121.23,556183,2023-09-25T18:52:48.785549,Tech
AAPL,118.41,670743,2023-09-24T18:52:48.785552,Tech
AAPL,123.01,998502,2023-09-23T18:52:48.785555,Energy
AAPL,123.27,851641,2023-09-22T18:52:48.785558,Healthcare
AAPL,117.25,853753,2023-09-21T18:52:48.785560,Healthcare
AAPL,111.97,907035,2023-09-20T18:52:48.785563,Finance
AAPL,109.16,282491,2023-09-19T18:52:48.785566,Tech
AAPL,106.63,486873,2023-09-18T18:52:48.785569,Finance
AAPL,103.73,82598,2023-09-17T18:52:48.785572,Tech
AAPL,108.74,759772,2023-09-16T18:52:48.785574,Energy
AAPL,104.76,438808,2023-09-15T18:52:48.785577,Finance
AAPL,108.4,358857,2023-09-14T18:52:48.785580,Finance
AAPL,106.19,777585,2023-09-13T18:52:48.785583,Tech
AAPL,108.12,926702,2023-09-12T18:52:48.785586,Healthcare
AAPL,103.27,75756,2023-09-11T18:52:48.785589,Healthcare
AAPL,106.66,252755,2023-09-10T18:52:48.785592,Healthcare
AAPL,103.34,799099,2023-09-09T18:52:48.785595,Finance
AAPL,102.05,728758,2023-09-08T18:52:48.785598,Healthcare
AAPL,101.76,445723,2023-09-07T18:52:48.785601,Healthcare
AAPL,97.63,222161,2023-09-06T18:52:48.785604,Energy
AAPL,94.53,567907,2023-09-05T18:52:48.785607,Healthcare
AAPL,94.1,460959,2023-09-04T18:52:48.785610,Energy
AAPL,91.2,760837,2023-09-03T18:52:48.785612,Tech
AAPL,88.31,579235,2023-09-02T18:52:48.785615,Finance
AAPL,91.45,487540,2023-09-01T18:52:48.785618,Tech
AAPL,88.86,244050,2023-08-31T18:52:48.785621,Tech
AAPL,90.38,775853,2023-08-30T18:52:48.785624,Healthcare
AAPL,87.39,960089,2023-08-29T18:52:48.785627,Tech
AAPL,86.01,27535,2023-08-28T18:52:48.785630,Finance
AAPL,90.0,607555,2023-08-27T18:52:48.785633,Energy
AAPL,88.44,543875,2023-08-26T18:52:48.785635,Finance
AAPL,84.51,928393,2023-08-25T18:52:48.785638,Finance
AAPL,86.96,754549,2023-08-24T18:52:48.785641,Healthcare
AAPL,89.19,192510,2023-08-23T18:52:48.785644,Energy
AAPL,89.31,429647,2023-08-22T18:52:48.785647,Energy
AAPL,93.62,681698,2023-08-21T18:52:48.785650,Finance
AAPL,96.7,506665,2023-08-20T18:52:48.785653,Healthcare
AAPL,91.99,376175,2023-08-19T18:52:48.785656,Healthcare
AAPL,90.9,794068,2023-08-18T18:52:48.785659,Tech
AAPL,94.3,612608,2023-08-17T18:52:48.785662,Energy
AAPL,91.84,815935,2023-08-16T18:52:48.785665,Tech
AAPL,90.35,187453,2023-08-15T18:52:48.785668,Energy
AAPL,93.58,165491,2023-08-14T18:52:48.785671,Energy
AAPL,91.54,79522,2023-08-13T18:52:48.785673,Energy
AAPL,90.16,726391,2023-08-12T18:52:48.785676,Healthcare
AAPL,89.78,139955,2023-08-11T18:52:48.785679,Energy
AAPL,92.59,955695,2023-08-10T18:52:48.785682,Tech
AAPL,91.71,434112,2023-08-09T18:52:48.785685,Energy
AAPL,90.68,962882,2023-08-08T18:52:48.785688,Tech
AAPL,94.64,525527,2023-08-07T18:52:48.785690,Energy
AAPL,95.7,461719,2023-08-06T18:52:48.785693,Finance
AAPL,91.98,132635,2023-08-05T18:52:48.785697,Finance
AAPL,91.36,195769,2023-08-04T18:52:48.785699,Tech
AAPL,90.89,981760,2023-08-03T18:52:48.785702,Finance
AAPL,93.09,965495,2023-08-02T18:52:48.785705,Finance
AAPL,91.35,795628,2023-08-01T18:52:48.785720,Tech
AAPL,92.19,748853,2023-07-31T18:52:48.785733,Finance
AAPL,87.95,358401,2023-07-30T18:52:48.785762,Healthcare
AAPL,89.76,252041,2023-07-29T18:52:48.785766,Tech
AAPL,92.48,953385,2023-07-28T18:52:48.785770,Healthcare
AAPL,96.01,969777,2023-07-27T18:52:48.785773,Finance
AAPL,98.22,496502,2023-07-26T18:52:48.785776,Energy
AAPL,94.01,986197,2023-07-25T18:52:48.785779,Tech
AAPL,96.15,555223,2023-07-24T18:52:48.785782,Finance
AAPL,97.9,906144,2023-07-23T18:52:48.785784,Finance
AAPL,93.34,23669,2023-07-22T18:52:48.785788,Healthcare
AAPL,97.45,72533,2023-07-21T18:52:48.785791,Finance
AAPL,100.52,699086,2023-07-20T18:52:48.785793,Energy
AAPL,97.14,206278,2023-07-19T18:52:48.785796,Energy
AAPL,92.94,821885,2023-07-18T18:52:48.785799,Finance
AAPL,94.19,544894,2023-07-17T18:52:48.785802,Tech
AAPL,96.63,79194,2023-07-16T18:52:48.785805,Energy
AAPL,96.11,615639,2023-07-15T18:52:48.785808,Tech
AAPL,99.78,583406,2023-07-14T18:52:48.785811,Healthcare
AAPL,96.87,132739,2023-07-13T18:52:48.785814,Healthcare
AAPL,100.49,261145,2023-07-12T18:52:48.785817,Healthcare
AAPL,99.08,624953,2023-07-11T18:52:48.785820,Energy
AAPL,97.05,471256,2023-07-10T18:52:48.785823,Healthcare
AAPL,99.07,833985,2023-07-09T18:52:48.785825,Finance
AAPL,96.68,466687,2023-07-08T18:52:48.785828,Finance
AAPL,94.16,149245,2023-07-07T18:52:48.785831,Healthcare
AAPL,94.62,60010,2023-07-06T18:52:48.785834,Finance
AAPL,91.16,63672,2023-07-05T18:52:48.785837,Healthcare
AAPL,88.74,475669,2023-07-04T18:52:48.785840,Finance
AAPL,91.23,626108,2023-07-03T18:52:48.785843,Energy
AAPL,87.81,481625,2023-07-02T18:52:48.785846,Healthcare
AAPL,91.91,35973,2023-07-01T18:52:48.785849,Energy
AAPL,89.69,939170,2023-06-30T18:52:48.785851,Healthcare
AAPL,89.12,636169,2023-06-29T18:52:48.785854,Energy
AAPL,88.41,944654,2023-06-28T18:52:48.785862,Energy
AAPL,91.05,796448,2023-06-27T18:52:48.785866,Healthcare
AAPL,92.63,716493,2023-06-26T18:52:48.785869,Healthcare
AAPL,94.13,583866,2023-06-25T18:52:48.785872,Finance
AAPL,94.18,341600,2023-06-24T18:52:48.785875,Tech
AAPL,95.8,911376,2023-06-23T18:52:48.785878,Healthcare
AAPL,100.45,618461,2023-06-22T18:52:48.785881,Healthcare
AAPL,103.24,164812,2023-06-21T18:52:48.785884,Healthcare
AAPL,104.91,902348,2023-06-20T18:52:48.785887,Healthcare
AAPL,107.9,472830,2023-06-19T18:52:48.785890,Tech
AAPL,111.58,747711,2023-06-18T18:52:48.785893,Finance
AAPL,106.84,827041,2023-06-17T18:52:48.785896,Healthcare
AAPL,110.13,518144,2023-06-16T18:52:48.785899,Healthcare
AAPL,114.55,854214,2023-06-15T18:52:48.785902,Energy
AAPL,116.64,17599,2023-06-14T18:52:48.785905,Energy
AAPL,120.71,752298,2023-06-13T18:52:48.785907,Healthcare
AAPL,117.0,837725,2023-06-12T18:52:48.785910,Finance
AAPL,115.76,961183,2023-06-11T18:52:48.785913,Healthcare
AAPL,115.58,375206,2023-06-10T18:52:48.785916,Tech
AAPL,112.33,444339,2023-06-09T18:52:48.785919,Tech
AAPL,111.95,638986,2023-06-08T18:52:48.785922,Energy
AAPL,106.38,78907,2023-06-07T18:52:48.785925,Finance
AAPL,108.59,20259,2023-06-06T18:52:48.785927,Energy
AAPL,112.71,298392,2023-06-05T18:52:48.785930,Healthcare
AAPL,115.49,451794,2023-06-04T18:52:48.785933,Healthcare
AAPL,117.88,733559,2023-06-03T18:52:48.785936,Finance
AAPL,123.36,523065,2023-06-02T18:52:48.785939,Finance
AAPL,120.29,735421,2023-06-01T18:52:48.785942,Finance
AAPL,123.88,535394,2023-05-31T18:52:48.785945,Energy
AAPL,120.2,465823,2023-05-30T18:52:48.785947,Tech
AAPL,119.5,598488,2023-05-29T18:52:48.785950,Tech
AAPL,117.96,245172,2023-05-28T18:52:48.785953,Finance
AAPL,116.93,685738,2023-05-27T18:52:48.785956,Tech
AAPL,115.1,362815,2023-05-26T18:52:48.785959,Tech
AAPL,110.09,594392,2023-05-25T18:52:48.785962,Healthcare
AAPL,113.64,873601,2023-05-24T18:52:48.785965,Energy
AAPL,115.52,905286,2023-05-23T18:52:48.785968,Tech
AAPL,114.16,112770,2023-05-22T18:52:48.785970,Finance
AAPL,115.56,713523,2023-05-21T18:52:48.785973,Tech
AAPL,119.57,733123,2023-05-20T18:52:48.785976,Finance
AAPL,124.48,451942,2023-05-19T18:52:48.785979,Energy
AAPL,118.65,358328,2023-05-18T18:52:48.785981,Finance
AAPL,123.22,783478,2023-05-17T18:52:48.785984,Energy
AAPL,118.87,978572,2023-05-16T18:52:48.785987,Energy
AAPL,113.31,546114,2023-05-15T18:52:48.785990,Tech
AAPL,117.89,134843,2023-05-14T18:52:48.785993,Tech
AAPL,114.91,218542,2023-05-13T18:52:48.785996,Tech
AAPL,116.35,805767,2023-05-12T18:52:48.785999,Healthcare
AAPL,112.26,729509,2023-05-11T18:52:48.786002,Energy
AAPL,110.96,151170,2023-05-10T18:52:48.786005,Energy
AAPL,111.2,442759,2023-05-09T18:52:48.786007,Healthcare
AAPL,114.39,709785,2023-05-08T18:52:48.786010,Finance
AAPL,117.23,702907,2023-05-07T18:52:48.786013,Finance
AAPL,115.63,939267,2023-05-06T18:52:48.786016,Healthcare
AAPL,118.08,256735,2023-05-05T18:52:48.786019,Tech
AAPL,120.9,142303,2023-05-04T18:52:48.786022,Energy
AAPL,122.41,258785,2023-05-03T18:52:48.786024,Finance
AAPL,127.7,758353,2023-05-02T18:52:48.786027,Finance
AAPL,131.58,217020,2023-05-01T18:52:48.786030,Finance
AAPL,126.75,563074,2023-04-30T18:52:48.786033,Tech
AAPL,121.63,881496,2023-04-29T18:52:48.786068,Finance
AAPL,124.93,599061,2023-04-28T18:52:48.786072,Tech
AAPL,123.83,771531,2023-04-27T18:52:48.786075,Healthcare
AAPL,126.81,697222,2023-04-26T18:52:48.786078,Healthcare
AAPL,127.76,832734,2023-04-25T18:52:48.786081,Tech
AAPL,123.06,68170,2023-04-24T18:52:48.786084,Energy
AAPL,125.84,775047,2023-04-23T18:52:48.786086,Finance
AAPL,127.67,508410,2023-04-22T18:52:48.786089,Healthcare
AAPL,129.84,526000,2023-04-21T18:52:48.786092,Tech
AAPL,125.04,154636,2023-04-20T18:52:48.786095,Healthcare
AAPL,120.92,367826,2023-04-19T18:52:48.786098,Finance
AAPL,124.68,150371,2023-04-18T18:52:48.786100,Energy
AAPL,129.47,960011,2023-04-17T18:52:48.786135,Tech
AAPL,125.35,832237,2023-04-16T18:52:48.786141,Tech
AAPL,128.34,263770,2023-04-15T18:52:48.786144,Finance
AAPL,129.35,525779,2023-04-14T18:52:48.786146,Energy
AAPL,131.47,685795,2023-04-13T18:52:48.786149,Tech
AAPL,131.7,650092,2023-04-12T18:52:48.786153,Energy
AAPL,128.15,113462,2023-04-11T18:52:48.786156,Healthcare
AAPL,134.16,792045,2023-04-10T18:52:48.786158,Energy
AAPL,136.87,347330,2023-04-09T18:52:48.786161,Tech
AAPL,140.76,246326,2023-04-08T18:52:48.786164,Healthcare
AAPL,136.54,878885,2023-04-07T18:52:48.786167,Tech
AAPL,137.73,947936,2023-04-06T18:52:48.786170,Finance
AAPL,142.67,813800,2023-04-05T18:52:48.786173,Finance
AAPL,140.5,649626,2023-04-04T18:52:48.786176,Tech
AAPL,144.28,723105,2023-04-03T18:52:48.786179,Energy
AAPL,143.59,773012,2023-04-02T18:52:48.786181,Finance
AAPL,147.48,417521,2023-04-01T18:52:48.786184,Finance
AAPL,146.19,703008,2023-03-31T18:52:48.786187,Healthcare
AAPL,141.94,648667,2023-03-30T18:52:48.786190,Tech
AAPL,140.19,364866,2023-03-29T18:52:48.786193,Energy
AAPL,144.9,560186,2023-03-28T18:52:48.786196,Tech
AAPL,148.67,922190,2023-03-27T18:52:48.786199,Tech
AAPL,155.16,935155,2023-03-26T18:52:48.786202,Healthcare
AAPL,149.12,204739,2023-03-25T18:52:48.786205,Healthcare
AAPL,155.86,579214,2023-03-24T18:52:48.786208,Healthcare
AAPL,151.65,376920,2023-03-23T18:52:48.786211,Healthcare
AAPL,145.26,641009,2023-03-22T18:52:48.786214,Energy
AAPL,141.34,502497,2023-03-21T18:52:48.786217,Healthcare
AAPL,145.23,527271,2023-03-20T18:52:48.786220,Finance
AAPL,143.58,238037,2023-03-19T18:52:48.786228,Tech
AAPL,148.31,513226,2023-03-18T18:52:48.786233,Finance
AAPL,141.51,712858,2023-03-17T18:52:48.786237,Tech
AAPL,139.42,205811,2023-03-16T18:52:48.786239,Healthcare
AAPL,139.07,947518,2023-03-15T18:52:48.786243,Healthcare
AAPL,140.73,477708,2023-03-14T18:52:48.786246,Healthcare
AAPL,141.09,480281,2023-03-13T18:52:48.786249,Healthcare
AAPL,147.79,824264,2023-03-12T18:52:48.786252,Energy
AAPL,145.17,767143,2023-03-11T18:52:48.786255,Energy
AAPL,145.1,333255,2023-03-10T18:52:48.786257,Finance
AAPL,146.8,929667,2023-03-09T18:52:48.786260,Finance
AAPL,145.58,38553,2023-03-08T18:52:48.786263,Tech
AAPL,144.93,405937,2023-03-07T18:52:48.786266,Healthcare
AAPL,151.24,287604,2023-03-06T18:52:48.786269,Healthcare
AAPL,150.4,867111,2023-03-05T18:52:48.786272,Healthcare
AAPL,157.71,966398,2023-03-04T18:52:48.786275,Finance
AAPL,151.43,383470,2023-03-03T18:52:48.786278,Finance
AAPL,148.08,682580,2023-03-02T18:52:48.786298,Tech
AAPL,154.34,589349,2023-03-01T18:52:48.786302,Energy
AAPL,158.09,44210,2023-02-28T18:52:48.786305,Tech
AAPL,151.6,280640,2023-02-27T18:52:48.786308,Energy
AAPL,150.33,320155,2023-02-26T18:52:48.786311,Tech
AAPL,147.52,552236,2023-02-25T18:52:48.786314,Healthcare
AAPL,150.1,456119,2023-02-24T18:52:48.786317,Tech
AAPL,144.04,979872,2023-02-23T18:52:48.786320,Healthcare
AAPL,139.19,39415,2023-02-22T18:52:48.786323,Energy
AAPL,141.18,967241,2023-02-21T18:52:48.786326,Finance
AAPL,136.11,721074,2023-02-20T18:52:48.786328,Finance
AAPL,132.07,584929,2023-02-19T18:52:48.786331,Tech
AAPL,125.98,224404,2023-02-18T18:52:48.786334,Energy
AAPL,120.58,964248,2023-02-17T18:52:48.786337,Energy
AAPL,115.55,86846,2023-02-16T18:52:48.786340,Tech
AAPL,112.13,641495,2023-02-15T18:52:48.786342,Finance
AAPL,115.65,192532,2023-02-14T18:52:48.786345,Healthcare
AAPL,114.19,679878,2023-02-13T18:52:48.786348,Finance
AAPL,112.71,245092,2023-02-12T18:52:48.786351,Healthcare
AAPL,110.99,429810,2023-02-11T18:52:48.786354,Finance
AAPL,108.72,745521,2023-02-10T18:52:48.786357,Energy
AAPL,111.43,209392,2023-02-09T18:52:48.786360,Finance
AAPL,114.4,978202,2023-02-08T18:52:48.786363,Energy
AAPL,112.44,425680,2023-02-07T18:52:48.786366,Healthcare
AAPL,110.42,766968,2023-02-06T18:52:48.786369,Tech
AAPL,110.0,962854,2023-02-05T18:52:48.786372,Energy
AAPL,114.61,527186,2023-02-04T18:52:48.786375,Energy
AAPL,116.04,252997,2023-02-03T18:52:48.786378,Healthcare
AAPL,121.68,381250,2023-02-02T18:52:48.786381,Tech
AAPL,124.18,973603,2023-02-01T18:52:48.786384,Energy
AAPL,122.63,941453,2023-01-31T18:52:48.786387,Tech
AAPL,122.87,451280,2023-01-30T18:52:48.786390,Healthcare
AAPL,122.43,98279,2023-01-29T18:52:48.786392,Energy
AAPL,121.21,141792,2023-01-28T18:52:48.786396,Healthcare
AAPL,126.76,65698,2023-01-27T18:52:48.786398,Energy
AAPL,121.76,288651,2023-01-26T18:52:48.786401,Tech
AAPL,117.04,217005,2023-01-25T18:52:48.786404,Finance
AAPL,113.84,853332,2023-01-24T18:52:48.786407,Energy
AAPL,111.22,354315,2023-01-23T18:52:48.786410,Energy
AAPL,112.3,372394,2023-01-22T18:52:48.786412,Finance
AAPL,114.05,995471,2023-01-21T18:52:48.786415,Tech
AAPL,115.8,675737,2023-01-20T18:52:48.786418,Healthcare
AAPL,116.76,428041,2023-01-19T18:52:48.786421,Healthcare
AAPL,117.63,176377,2023-01-18T18:52:48.786424,Finance
AAPL,120.98,577754,2023-01-17T18:52:48.786427,Finance
AAPL,123.8,792654,2023-01-16T18:52:48.786430,Tech
AAPL,129.72,213175,2023-01-15T18:52:48.786432,Energy
AAPL,132.44,357482,2023-01-14T18:52:48.786435,Finance
AAPL,131.91,695477,2023-01-13T18:52:48.786438,Healthcare
AAPL,133.39,852412,2023-01-12T18:52:48.786441,Finance
AAPL,127.07,156230,2023-01-11T18:52:48.786444,Healthcare
AAPL,128.12,123985,2023-01-10T18:52:48.786447,Energy
AAPL,127.9,969716,2023-01-09T18:52:48.786450,Energy
AAPL,129.89,891633,2023-01-08T18:52:48.786453,Tech
AAPL,129.76,852279,2023-01-07T18:52:48.786455,Energy
AAPL,131.73,117101,2023-01-06T18:52:48.786458,Energy
AAPL,132.01,601452,2023-01-05T18:52:48.786461,Healthcare
AAPL,128.72,396182,2023-01-04T18:52:48.786464,Healthcare
AAPL,131.72,994344,2023-01-03T18:52:48.786467,Finance
AAPL,133.75,137539,2023-01-02T18:52:48.786470,Energy
AAPL,129.4,715137,2023-01-01T18:52:48.786473,Healthcare
AAPL,129.82,748469,2022-12-31T18:52:48.786476,Tech
AAPL,130.28,228693,2022-12-30T18:52:48.786478,Healthcare
AAPL,130.07,445960,2022-12-29T18:52:48.786482,Energy
AAPL,132.62,655782,2022-12-28T18:52:48.786485,Tech
AAPL,136.58,634428,2022-12-27T18:52:48.786488,Healthcare
AAPL,136.4,294478,2022-12-26T18:52:48.786491,Healthcare
AAPL,131.41,630490,2022-12-25T18:52:48.786494,Tech
AAPL,132.72,542655,2022-12-24T18:52:48.786497,Tech
AAPL,131.82,642926,2022-12-23T18:52:48.786499,Energy
AAPL,137.49,965179,2022-12-22T18:52:48.786511,Energy
AAPL,144.33,324709,2022-12-21T18:52:48.786514,Tech
AAPL,151.4,295815,2022-12-20T18:52:48.786517,Finance
AAPL,152.38,587079,2022-12-19T18:52:48.786520,Tech
AAPL,151.36,681910,2022-12-18T18:52:48.786523,Healthcare
AAPL,154.06,413834,2022-12-17T18:52:48.786526,Healthcare
AAPL,151.96,223967,2022-12-16T18:52:48.786529,Tech
AAPL,147.49,390901,2022-12-15T18:52:48.786532,Tech
AAPL,152.55,66745,2022-12-14T18:52:48.786535,Tech
AAPL,152.88,192003,2022-12-13T18:52:48.786538,Energy
AAPL,156.39,359069,2022-12-12T18:52:48.786541,Tech
AAPL,159.1,258959,2022-12-11T18:52:48.786544,Tech
AAPL,152.21,126036,2022-12-10T18:52:48.786546,Healthcare
AAPL,145.55,621566,2022-12-09T18:52:48.786549,Energy
AAPL,144.73,357124,2022-12-08T18:52:48.786552,Finance
AAPL,146.43,238954,2022-12-07T18:52:48.786555,Tech
AAPL,149.87,539239,2022-12-06T18:52:48.786558,Energy
AAPL,149.61,140691,2022-12-05T18:52:48.786561,Finance
AAPL,156.68,503312,2022-12-04T18:52:48.786564,Tech
AAPL,150.11,895433,2022-12-03T18:52:48.786566,Finance
AAPL,147.71,40349,2022-12-02T18:52:48.786569,Tech
AAPL,148.73,137664,2022-12-01T18:52:48.786572,Healthcare
AAPL,143.65,529804,2022-11-30T18:52:48.786575,Tech
AAPL,137.14,390526,2022-11-29T18:52:48.786578,Finance
AAPL,141.53,462750,2022-11-28T18:52:48.786581,Finance
AAPL,140.52,892578,2022-11-27T18:52:48.786583,Finance
GOOGL,60.18,133872,2025-08-22T18:52:48.786589,Energy
GOOGL,62.0,711583,2025-08-21T18:52:48.786593,Healthcare
GOOGL,60.55,618442,2025-08-20T18:52:48.786596,Healthcare
GOOGL,62.7,531114,2025-08-19T18:52:48.786599,Healthcare
GOOGL,64.55,188208,2025-08-18T18:52:48.786602,Healthcare
GOOGL,65.31,152242,2025-08-17T18:52:48.786605,Finance
GOOGL,68.36,795785,2025-08-16T18:52:48.786608,Healthcare
GOOGL,70.5,288232,2025-08-15T18:52:48.786611,Energy
GOOGL,72.96,176324,2025-08-14T18:52:48.786613,Tech
GOOGL,72.66,235131,2025-08-13T18:52:48.786616,Finance
GOOGL,74.41,875889,2025-08-12T18:52:48.786619,Finance
GOOGL,77.43,346211,2025-08-11T18:52:48.786622,Healthcare
GOOGL,77.17,593566,2025-08-10T18:52:48.786625,Healthcare
GOOGL,79.41,320994,2025-08-09T18:52:48.786628,Healthcare
GOOGL,78.56,384334,2025-08-08T18:52:48.786631,Energy
GOOGL,77.87,553408,2025-08-07T18:52:48.786634,Tech
GOOGL,76.32,909674,2025-08-06T18:52:48.786637,Energy
GOOGL,74.86,241046,2025-08-05T18:52:48.786640,Finance
GOOGL,75.35,716909,2025-08-04T18:52:48.786643,Finance
GOOGL,74.25,672933,2025-08-03T18:52:48.786646,Tech
GOOGL,74.4,473150,2025-08-02T18:52:48.786649,Tech
GOOGL,75.71,186676,2025-08-01T18:52:48.786651,Tech
GOOGL,74.51,822837,2025-07-31T18:52:48.786654,Energy
GOOGL,74.08,799341,2025-07-30T18:52:48.786657,Energy
GOOGL,77.77,221238,2025-07-29T18:52:48.786660,Finance
GOOGL,78.15,209716,2025-07-28T18:52:48.786662,Energy
GOOGL,74.28,148145,2025-07-27T18:52:48.786665,Tech
GOOGL,72.3,399370,2025-07-26T18:52:48.786668,Healthcare
GOOGL,74.54,477195,2025-07-25T18:52:48.786671,Energy
GOOGL,72.3,980466,2025-07-24T18:52:48.786674,Finance
GOOGL,75.41,208922,2025-07-23T18:52:48.786677,Healthcare
GOOGL,78.37,498040,2025-07-22T18:52:48.786679,Finance
GOOGL,81.78,397560,2025-07-21T18:52:48.786682,Energy
GOOGL,81.19,367686,2025-07-20T18:52:48.786685,Healthcare
GOOGL,77.4,760343,2025-07-19T18:52:48.786688,Healthcare
GOOGL,80.36,922399,2025-07-18T18:52:48.786691,Finance
GOOGL,76.84,110341,2025-07-17T18:52:48.786693,Energy
GOOGL,78.51,339762,2025-07-16T18:52:48.786696,Finance
GOOGL,80.54,228010,2025-07-15T18:52:48.786699,Healthcare
GOOGL,83.03,265498,2025-07-14T18:52:48.786702,Finance
GOOGL,83.44,289747,2025-07-13T18:52:48.786705,Healthcare
GOOGL,85.46,907921,2025-07-12T18:52:48.786707,Tech
GOOGL,87.91,39534,2025-07-11T18:52:48.786710,Healthcare
GOOGL,92.21,600673,2025-07-10T18:52:48.786713,Finance
GOOGL,90.93,880343,2025-07-09T18:52:48.786716,Tech
GOOGL,92.13,524628,2025-07-08T18:52:48.786718,Finance
GOOGL,93.07,872000,2025-07-07T18:52:48.786721,Healthcare
GOOGL,89.69,432727,2025-07-06T18:52:48.786724,Healthcare
GOOGL,87.3,12920,2025-07-05T18:52:48.786732,Energy
GOOGL,84.94,716233,2025-07-04T18:52:48.786736,Tech
GOOGL,84.51,103925,2025-07-03T18:52:48.786739,Healthcare
GOOGL,84.14,585670,2025-07-02T18:52:48.786742,Healthcare
GOOGL,86.1,894030,2025-07-01T18:52:48.786745,Finance
GOOGL,87.95,238498,2025-06-30T18:52:48.786748,Energy
GOOGL,91.84,624578,2025-06-29T18:52:48.786764,Energy
GOOGL,87.8,690739,2025-06-28T18:52:48.786768,Healthcare
GOOGL,84.79,818275,2025-06-27T18:52:48.786771,Finance
GOOGL,86.75,287195,2025-06-26T18:52:48.786774,Finance
GOOGL,83.95,227374,2025-06-25T18:52:48.786777,Healthcare
GOOGL,82.38,400022,2025-06-24T18:52:48.786780,Tech
GOOGL,81.33,586603,2025-06-23T18:52:48.786782,Healthcare
GOOGL,85.33,109108,2025-06-22T18:52:48.786785,Tech
GOOGL,85.28,631225,2025-06-21T18:52:48.786788,Tech
GOOGL,88.39,710388,2025-06-20T18:52:48.786791,Tech
GOOGL,89.94,49313,2025-06-19T18:52:48.786794,Tech
GOOGL,87.4,691969,2025-06-18T18:52:48.786797,Healthcare
GOOGL,88.55,55107,2025-06-17T18:52:48.786799,Energy
GOOGL,92.55,985381,2025-06-16T18:52:48.786802,Finance
GOOGL,94.36,929778,2025-06-15T18:52:48.786805,Energy
GOOGL,94.25,708487,2025-06-14T18:52:48.786808,Healthcare
GOOGL,91.13,881645,2025-06-13T18:52:48.786811,Energy
GOOGL,89.14,838966,2025-06-12T18:52:48.786814,Finance
GOOGL,92.83,54487,2025-06-11T18:52:48.786817,Healthcare
GOOGL,96.93,427029,2025-06-10T18:52:48.786819,Tech
GOOGL,97.24,552783,2025-06-09T18:52:48.786822,Energy
GOOGL,98.73,770305,2025-06-08T18:52:48.786825,Energy
GOOGL,94.89,948262,2025-06-07T18:52:48.786828,Tech
GOOGL,94.18,321852,2025-06-06T18:52:48.786831,Tech
GOOGL,93.12,849074,2025-06-05T18:52:48.786834,Healthcare
GOOGL,91.43,174604,2025-06-04T18:52:48.786837,Tech
GOOGL,90.38,220398,2025-06-03T18:52:48.786839,Tech
GOOGL,91.45,473515,2025-06-02T18:52:48.786842,Finance
GOOGL,93.35,568111,2025-06-01T18:52:48.786845,Finance
GOOGL,92.16,551419,2025-05-31T18:52:48.786848,Energy
GOOGL,92.07,71418,2025-05-30T18:52:48.786851,Healthcare
GOOGL,92.12,388899,2025-05-29T18:52:48.786854,Energy
GOOGL,92.31,819230,2025-05-28T18:52:48.786857,Finance
GOOGL,95.75,170858,2025-05-27T18:52:48.786860,Finance
GOOGL,93.94,25495,2025-05-26T18:52:48.786863,Tech
GOOGL,91.98,166087,2025-05-25T18:52:48.786865,Healthcare
GOOGL,94.59,531836,2025-05-24T18:52:48.786868,Tech
GOOGL,91.81,416564,2025-05-23T18:52:48.786871,Finance
GOOGL,87.73,119184,2025-05-22T18:52:48.786874,Energy
GOOGL,87.98,211294,2025-05-21T18:52:48.786877,Finance
GOOGL,86.7,838698,2025-05-20T18:52:48.786884,Finance
GOOGL,84.38,755741,2025-05-19T18:52:48.786888,Tech
GOOGL,82.51,595991,2025-05-18T18:52:48.786891,Energy
GOOGL,85.27,229087,2025-05-17T18:52:48.786894,Energy
GOOGL,87.25,748822,2025-05-16T18:52:48.786897,Finance
GOOGL,87.39,97180,2025-05-15T18:52:48.786899,Finance
GOOGL,90.6,207221,2025-05-14T18:52:48.786902,Energy
GOOGL,90.35,59759,2025-05-13T18:52:48.786905,Energy
GOOGL,90.66,237393,2025-05-12T18:52:48.786908,Finance
GOOGL,88.49,985009,2025-05-11T18:52:48.786910,Tech
GOOGL,90.8,934466,2025-05-10T18:52:48.786913,Tech
GOOGL,87.29,600460,2025-05-09T18:52:48.786916,Finance
GOOGL,84.67,332687,2025-05-08T18:52:48.786919,Finance
GOOGL,86.86,986858,2025-05-07T18:52:48.786921,Healthcare
GOOGL,88.46,217149,2025-05-06T18:52:48.786924,Finance
GOOGL,92.6,872697,2025-05-05T18:52:48.786927,Finance
GOOGL,88.51,393529,2025-05-04T18:52:48.786930,Energy
GOOGL,86.7,192455,2025-05-03T18:52:48.786933,Energy
GOOGL,88.48,630155,2025-05-02T18:52:48.786936,Healthcare
GOOGL,85.0,391416,2025-05-01T18:52:48.786939,Tech
GOOGL,88.67,750050,2025-04-30T18:52:48.786941,Energy
GOOGL,88.73,918906,2025-04-29T18:52:48.786944,Tech
GOOGL,86.62,342010,2025-04-28T18:52:48.786947,Energy
GOOGL,82.63,667483,2025-04-27T18:52:48.786950,Finance
GOOGL,79.8,672855,2025-04-26T18:52:48.786953,Healthcare
GOOGL,80.5,693156,2025-04-25T18:52:48.786956,Tech
GOOGL,80.64,751830,2025-04-24T18:52:48.786958,Tech
GOOGL,78.76,545863,2025-04-23T18:52:48.786961,Energy
GOOGL,81.66,482495,2025-04-22T18:52:48.786964,Energy
GOOGL,80.26,641563,2025-04-21T18:52:48.786967,Healthcare
GOOGL,82.3,18954,2025-04-20T18:52:48.786970,Finance
GOOGL,85.42,463945,2025-04-19T18:52:48.786973,Energy
GOOGL,81.29,257878,2025-04-18T18:52:48.786976,Energy
GOOGL,77.52,87783,2025-04-17T18:52:48.786978,Energy
GOOGL,78.23,62290,2025-04-16T18:52:48.786981,Energy
GOOGL,80.36,780706,2025-04-15T18:52:48.786984,Healthcare
GOOGL,81.47,82889,2025-04-14T18:52:48.786987,Healthcare
GOOGL,85.09,356353,2025-04-13T18:52:48.786990,Energy
GOOGL,81.87,751781,2025-04-12T18:52:48.786993,Finance
GOOGL,82.82,359781,2025-04-11T18:52:48.786996,Healthcare
GOOGL,86.87,441123,2025-04-10T18:52:48.786999,Tech
GOOGL,86.37,838090,2025-04-09T18:52:48.787001,Tech
GOOGL,84.11,976684,2025-04-08T18:52:48.787004,Healthcare
GOOGL,86.4,479877,2025-04-07T18:52:48.787007,Tech
GOOGL,87.82,621524,2025-04-06T18:52:48.787010,Tech
GOOGL,86.2,150434,2025-04-05T18:52:48.787017,Healthcare
GOOGL,83.83,192511,2025-04-04T18:52:48.787020,Energy
GOOGL,87.96,676211,2025-04-03T18:52:48.787024,Finance
GOOGL,84.73,855496,2025-04-02T18:52:48.787027,Healthcare
GOOGL,81.53,842257,2025-04-01T18:52:48.787030,Energy
GOOGL,84.75,161895,2025-03-31T18:52:48.787033,Energy
GOOGL,81.14,729691,2025-03-30T18:52:48.787036,Energy
GOOGL,85.02,374854,2025-03-29T18:52:48.787038,Energy
GOOGL,84.79,287016,2025-03-28T18:52:48.787042,Healthcare
GOOGL,88.24,138814,2025-03-27T18:52:48.787045,Energy
GOOGL,90.8,832887,2025-03-26T18:52:48.787047,Tech
GOOGL,87.11,481557,2025-03-25T18:52:48.787050,Energy
GOOGL,87.47,630245,2025-03-24T18:52:48.787053,Finance
GOOGL,86.99,909441,2025-03-23T18:52:48.787056,Energy
GOOGL,85.12,784251,2025-03-22T18:52:48.787059,Healthcare
GOOGL,89.09,844657,2025-03-21T18:52:48.787062,Tech
GOOGL,87.36,482722,2025-03-20T18:52:48.787064,Healthcare
GOOGL,85.57,784279,2025-03-19T18:52:48.787067,Finance
GOOGL,83.56,576378,2025-03-18T18:52:48.787070,Finance
GOOGL,87.37,616486,2025-03-17T18:52:48.787073,Tech
GOOGL,83.09,316057,2025-03-16T18:52:48.787076,Finance
GOOGL,81.25,770502,2025-03-15T18:52:48.787078,Energy
GOOGL,84.76,31050,2025-03-14T18:52:48.787081,Finance
GOOGL,81.2,823763,2025-03-13T18:52:48.787084,Tech
GOOGL,84.13,247522,2025-03-12T18:52:48.787087,Tech
GOOGL,80.49,703485,2025-03-11T18:52:48.787090,Finance
GOOGL,78.07,490409,2025-03-10T18:52:48.787093,Energy
GOOGL,81.47,833081,2025-03-09T18:52:48.787096,Healthcare
GOOGL,77.74,395962,2025-03-08T18:52:48.787098,Tech
GOOGL,76.26,574562,2025-03-07T18:52:48.787101,Energy
GOOGL,75.62,656309,2025-03-06T18:52:48.787104,Tech
GOOGL,75.5,915746,2025-03-05T18:52:48.787107,Healthcare
GOOGL,73.09,481173,2025-03-04T18:52:48.787110,Tech
GOOGL,75.72,158315,2025-03-03T18:52:48.787112,Tech
GOOGL,73.65,277933,2025-03-02T18:52:48.787115,Tech
GOOGL,73.59,737900,2025-03-01T18:52:48.787118,Finance
GOOGL,75.57,763199,2025-02-28T18:52:48.787121,Healthcare
GOOGL,79.08,877124,2025-02-27T18:52:48.787123,Tech
GOOGL,79.13,239643,2025-02-26T18:52:48.787126,Finance
GOOGL,82.36,194083,2025-02-25T18:52:48.787129,Tech
GOOGL,86.05,85780,2025-02-24T18:52:48.787132,Healthcare
GOOGL,88.02,397498,2025-02-23T18:52:48.787135,Finance
GOOGL,90.16,391083,2025-02-22T18:52:48.787137,Tech
GOOGL,94.64,707458,2025-02-21T18:52:48.787140,Healthcare
GOOGL,92.07,892991,2025-02-20T18:52:48.787143,Tech
GOOGL,89.1,214398,2025-02-19T18:52:48.787152,Healthcare
GOOGL,84.91,893552,2025-02-18T18:52:48.787156,Finance
GOOGL,82.95,25419,2025-02-17T18:52:48.787159,Finance
GOOGL,86.28,679746,2025-02-16T18:52:48.787162,Finance
GOOGL,83.54,232774,2025-02-15T18:52:48.787164,Finance
GOOGL,80.39,636179,2025-02-14T18:52:48.787167,Energy
GOOGL,80.9,849310,2025-02-13T18:52:48.787170,Tech
GOOGL,78.1,948235,2025-02-12T18:52:48.787173,Healthcare
GOOGL,81.78,694539,2025-02-11T18:52:48.787176,Healthcare
GOOGL,80.44,562643,2025-02-10T18:52:48.787178,Energy
GOOGL,83.9,891009,2025-02-09T18:52:48.787181,Healthcare
GOOGL,83.89,260923,2025-02-08T18:52:48.787184,Tech
GOOGL,84.63,890052,2025-02-07T18:52:48.787187,Energy
GOOGL,87.43,640676,2025-02-06T18:52:48.787190,Healthcare
GOOGL,83.47,824140,2025-02-05T18:52:48.787193,Tech
GOOGL,83.38,25437,2025-02-04T18:52:48.787196,Finance
GOOGL,80.86,962291,2025-02-03T18:52:48.787198,Tech
GOOGL,81.68,430507,2025-02-02T18:52:48.787201,Healthcare
GOOGL,79.67,873337,2025-02-01T18:52:48.787204,Finance
GOOGL,83.51,464592,2025-01-31T18:52:48.787207,Energy
GOOGL,80.25,734554,2025-01-30T18:52:48.787210,Healthcare
GOOGL,80.53,954963,2025-01-29T18:52:48.787227,Tech
GOOGL,78.89,824990,2025-01-28T18:52:48.787230,Finance
GOOGL,75.86,917399,2025-01-27T18:52:48.787233,Tech
GOOGL,75.37,682535,2025-01-26T18:52:48.787236,Finance
GOOGL,76.05,357269,2025-01-25T18:52:48.787239,Healthcare
GOOGL,73.86,134971,2025-01-24T18:52:48.787242,Finance
GOOGL,72.28,713642,2025-01-23T18:52:48.787245,Energy
GOOGL,68.8,615635,2025-01-22T18:52:48.787248,Healthcare
GOOGL,66.06,190782,2025-01-21T18:52:48.787250,Energy
GOOGL,65.06,379461,2025-01-20T18:52:48.787253,Energy
GOOGL,65.28,272170,2025-01-19T18:52:48.787256,Energy
GOOGL,63.05,491981,2025-01-18T18:52:48.787259,Finance
GOOGL,60.51,364162,2025-01-17T18:52:48.787262,Tech
GOOGL,57.79,683651,2025-01-16T18:52:48.787265,Finance
GOOGL,56.36,662693,2025-01-15T18:52:48.787267,Healthcare
GOOGL,58.12,862695,2025-01-14T18:52:48.787270,Finance
GOOGL,57.63,500963,2025-01-13T18:52:48.787273,Energy
GOOGL,59.44,335638,2025-01-12T18:52:48.787276,Finance
GOOGL,61.03,15772,2025-01-11T18:52:48.787279,Energy
GOOGL,61.88,29762,2025-01-10T18:52:48.787281,Tech
GOOGL,60.67,849667,2025-01-09T18:52:48.787284,Energy
GOOGL,59.2,361129,2025-01-08T18:52:48.787295,Finance
GOOGL,61.12,74973,2025-01-07T18:52:48.787298,Healthcare
GOOGL,61.75,883216,2025-01-06T18:52:48.787301,Energy
GOOGL,59.0,658925,2025-01-05T18:52:48.787304,Tech
GOOGL,56.23,527321,2025-01-04T18:52:48.787307,Tech
GOOGL,56.19,109426,2025-01-03T18:52:48.787310,Energy
GOOGL,54.85,948931,2025-01-02T18:52:48.787313,Finance
GOOGL,52.35,382943,2025-01-01T18:52:48.787316,Finance
GOOGL,53.9,521866,2024-12-31T18:52:48.787319,Healthcare
GOOGL,54.59,670237,2024-12-30T18:52:48.787321,Finance
GOOGL,53.9,58293,2024-12-29T18:52:48.787324,Finance
GOOGL,51.46,776450,2024-12-28T18:52:48.787327,Tech
GOOGL,52.01,900132,2024-12-27T18:52:48.787330,Tech
GOOGL,54.6,993645,2024-12-26T18:52:48.787333,Finance
GOOGL,55.52,175962,2024-12-25T18:52:48.787336,Healthcare
GOOGL,54.97,475357,2024-12-24T18:52:48.787339,Healthcare
GOOGL,55.81,39565,2024-12-23T18:52:48.787342,Finance
GOOGL,58.0,936189,2024-12-22T18:52:48.787344,Tech
GOOGL,60.44,623155,2024-12-21T18:52:48.787347,Healthcare
GOOGL,62.28,89777,2024-12-20T18:52:48.787350,Energy
GOOGL,61.41,735856,2024-12-19T18:52:48.787353,Energy
GOOGL,64.24,795602,2024-12-18T18:52:48.787356,Tech
GOOGL,61.38,43488,2024-12-17T18:52:48.787359,Energy
GOOGL,62.51,879755,2024-12-16T18:52:48.787361,Finance
GOOGL,61.96,444999,2024-12-15T18:52:48.787364,Healthcare
GOOGL,61.81,982542,2024-12-14T18:52:48.787367,Finance
GOOGL,64.69,67006,2024-12-13T18:52:48.787370,Energy
GOOGL,65.11,521090,2024-12-12T18:52:48.787373,Healthcare
GOOGL,65.91,776053,2024-12-11T18:52:48.787375,Energy
GOOGL,63.53,659004,2024-12-10T18:52:48.787378,Tech
GOOGL,64.86,917417,2024-12-09T18:52:48.787381,Healthcare
GOOGL,63.01,797776,2024-12-08T18:52:48.787384,Tech
GOOGL,61.3,629933,2024-12-07T18:52:48.787391,Finance
GOOGL,63.74,522625,2024-12-06T18:52:48.787395,Energy
GOOGL,64.24,494813,2024-12-05T18:52:48.787398,Energy
GOOGL,64.72,359825,2024-12-04T18:52:48.787401,Healthcare
GOOGL,65.29,855207,2024-12-03T18:52:48.787404,Tech
GOOGL,62.43,448702,2024-12-02T18:52:48.787406,Healthcare
GOOGL,62.18,179212,2024-12-01T18:52:48.787410,Tech
GOOGL,65.02,446028,2024-11-30T18:52:48.787413,Healthcare
GOOGL,66.84,146348,2024-11-29T18:52:48.787416,Energy
GOOGL,68.87,918589,2024-11-28T18:52:48.787418,Healthcare
GOOGL,71.32,563778,2024-11-27T18:52:48.787421,Tech
GOOGL,69.73,704424,2024-11-26T18:52:48.787424,Tech
GOOGL,66.97,467527,2024-11-25T18:52:48.787427,Energy
GOOGL,67.87,385006,2024-11-24T18:52:48.787430,Finance
GOOGL,65.98,130016,2024-11-23T18:52:48.787432,Healthcare
GOOGL,68.34,854625,2024-11-22T18:52:48.787435,Healthcare
GOOGL,67.45,674436,2024-11-21T18:52:48.787438,Energy
GOOGL,66.13,122922,2024-11-20T18:52:48.787441,Energy
GOOGL,66.14,208804,2024-11-19T18:52:48.787444,Healthcare
GOOGL,66.37,177077,2024-11-18T18:52:48.787446,Finance
GOOGL,65.77,385436,2024-11-17T18:52:48.787449,Healthcare
GOOGL,62.97,107262,2024-11-16T18:52:48.787452,Finance
GOOGL,62.34,101211,2024-11-15T18:52:48.787455,Healthcare
GOOGL,59.87,184333,2024-11-14T18:52:48.787458,Healthcare
GOOGL,57.16,296483,2024-11-13T18:52:48.787461,Healthcare
GOOGL,58.45,258138,2024-11-12T18:52:48.787464,Energy
GOOGL,56.34,820064,2024-11-11T18:52:48.787467,Finance
GOOGL,57.69,516279,2024-11-10T18:52:48.787470,Energy
GOOGL,56.52,17413,2024-11-09T18:52:48.787472,Healthcare
GOOGL,57.13,795262,2024-11-08T18:52:48.787475,Energy
GOOGL,55.17,257424,2024-11-07T18:52:48.787478,Healthcare
GOOGL,56.27,718490,2024-11-06T18:52:48.787481,Finance
GOOGL,53.59,676153,2024-11-05T18:52:48.787484,Finance
GOOGL,55.19,327573,2024-11-04T18:52:48.787486,Healthcare
GOOGL,57.77,725256,2024-11-03T18:52:48.787489,Tech
GOOGL,59.71,340942,2024-11-02T18:52:48.787492,Finance
GOOGL,57.38,886854,2024-11-01T18:52:48.787495,Finance
GOOGL,56.81,553709,2024-10-31T18:52:48.787498,Tech
GOOGL,54.47,919075,2024-10-30T18:52:48.787500,Energy
GOOGL,51.99,608386,2024-10-29T18:52:48.787503,Energy
GOOGL,52.77,813995,2024-10-28T18:52:48.787506,Finance
GOOGL,53.0,554686,2024-10-27T18:52:48.787509,Healthcare
GOOGL,55.36,596212,2024-10-26T18:52:48.787512,Healthcare
GOOGL,54.72,440239,2024-10-25T18:52:48.787515,Tech
GOOGL,55.95,658575,2024-10-24T18:52:48.787517,Healthcare
GOOGL,57.52,346377,2024-10-23T18:52:48.787520,Energy
GOOGL,60.03,540254,2024-10-22T18:52:48.787523,Finance
GOOGL,62.63,612756,2024-10-21T18:52:48.787526,Finance
GOOGL,63.2,530500,2024-10-20T18:52:48.787528,Energy
GOOGL,66.11,659504,2024-10-19T18:52:48.787531,Healthcare
GOOGL,65.71,27230,2024-10-18T18:52:48.787534,Healthcare
GOOGL,64.45,218054,2024-10-17T18:52:48.787537,Finance
GOOGL,65.59,690870,2024-10-16T18:52:48.787540,Healthcare
GOOGL,68.0,906204,2024-10-15T18:52:48.787543,Finance
GOOGL,66.18,369814,2024-10-14T18:52:48.787545,Healthcare
GOOGL,67.88,381958,2024-10-13T18:52:48.787548,Healthcare
GOOGL,68.67,503460,2024-10-12T18:52:48.787551,Energy
GOOGL,66.72,904261,2024-10-11T18:52:48.787558,Energy
GOOGL,65.13,526152,2024-10-10T18:52:48.787562,Finance
GOOGL,64.16,416209,2024-10-09T18:52:48.787565,Tech
GOOGL,61.24,641517,2024-10-08T18:52:48.787568,Energy
GOOGL,58.76,527636,2024-10-07T18:52:48.787571,Energy
GOOGL,56.6,557655,2024-10-06T18:52:48.787574,Tech
GOOGL,56.07,120390,2024-10-05T18:52:48.787577,Finance
GOOGL,55.1,649507,2024-10-04T18:52:48.787579,Tech
GOOGL,56.31,607763,2024-10-03T18:52:48.787582,Tech
GOOGL,57.04,196765,2024-10-02T18:52:48.787585,Finance
GOOGL,57.83,168669,2024-10-01T18:52:48.787588,Healthcare
GOOGL,59.23,13760,2024-09-30T18:52:48.787590,Finance
GOOGL,62.19,560102,2024-09-29T18:52:48.787593,Energy
GOOGL,63.97,373809,2024-09-28T18:52:48.787596,Healthcare
GOOGL,66.17,851612,2024-09-27T18:52:48.787599,Tech
GOOGL,63.38,709299,2024-09-26T18:52:48.787602,Tech
GOOGL,62.49,110886,2024-09-25T18:52:48.787605,Energy
GOOGL,65.1,155282,2024-09-24T18:52:48.787608,Finance
GOOGL,66.91,174445,2024-09-23T18:52:48.787610,Healthcare
GOOGL,66.82,884942,2024-09-22T18:52:48.787613,Energy
GOOGL,65.45,55416,2024-09-21T18:52:48.787616,Finance
GOOGL,66.17,557683,2024-09-20T18:52:48.787619,Healthcare
GOOGL,64.16,412055,2024-09-19T18:52:48.787622,Finance
GOOGL,63.15,245884,2024-09-18T18:52:48.787625,Tech
GOOGL,63.17,180156,2024-09-17T18:52:48.787628,Healthcare
GOOGL,64.42,37510,2024-09-16T18:52:48.787631,Healthcare
GOOGL,67.19,116989,2024-09-15T18:52:48.787633,Tech
GOOGL,67.82,974500,2024-09-14T18:52:48.787636,Finance
GOOGL,67.15,320170,2024-09-13T18:52:48.787639,Energy
GOOGL,65.72,918261,2024-09-12T18:52:48.787642,Tech
GOOGL,65.33,537139,2024-09-11T18:52:48.787644,Finance
GOOGL,67.02,913197,2024-09-10T18:52:48.787647,Finance
GOOGL,67.74,963389,2024-09-09T18:52:48.787650,Healthcare
GOOGL,70.96,403567,2024-09-08T18:52:48.787653,Tech
GOOGL,68.53,598669,2024-09-07T18:52:48.787655,Healthcare
GOOGL,65.38,675168,2024-09-06T18:52:48.787658,Finance
GOOGL,65.06,71296,2024-09-05T18:52:48.787661,Tech
GOOGL,64.68,858017,2024-09-04T18:52:48.787664,Tech
GOOGL,67.36,406663,2024-09-03T18:52:48.787667,Finance
GOOGL,67.86,909494,2024-09-02T18:52:48.787670,Healthcare
GOOGL,67.06,641085,2024-09-01T18:52:48.787690,Tech
GOOGL,65.24,589197,2024-08-31T18:52:48.787694,Healthcare
GOOGL,65.71,565873,2024-08-30T18:52:48.787697,Healthcare
GOOGL,66.71,205145,2024-08-29T18:52:48.787700,Healthcare
GOOGL,65.11,901050,2024-08-28T18:52:48.787703,Finance
GOOGL,67.16,287585,2024-08-27T18:52:48.787705,Finance
GOOGL,66.99,12584,2024-08-26T18:52:48.787709,Tech
GOOGL,67.75,309233,2024-08-25T18:52:48.787711,Healthcare
GOOGL,68.15,781008,2024-08-24T18:52:48.787714,Finance
GOOGL,65.25,273397,2024-08-23T18:52:48.787717,Energy
GOOGL,63.47,404419,2024-08-22T18:52:48.787720,Healthcare
GOOGL,63.13,613478,2024-08-21T18:52:48.787723,Tech
GOOGL,61.25,943171,2024-08-20T18:52:48.787726,Energy
GOOGL,60.7,103084,2024-08-19T18:52:48.787729,Finance
GOOGL,63.19,921916,2024-08-18T18:52:48.787732,Healthcare
GOOGL,63.79,784984,2024-08-17T18:52:48.787734,Energy
GOOGL,63.52,417902,2024-08-16T18:52:48.787737,Energy
GOOGL,62.6,548528,2024-08-15T18:52:48.787740,Tech
GOOGL,60.06,20840,2024-08-14T18:52:48.787743,Healthcare
GOOGL,58.36,832110,2024-08-13T18:52:48.787746,Energy
GOOGL,61.04,619594,2024-08-12T18:52:48.787749,Finance
GOOGL,60.79,57098,2024-08-11T18:52:48.787751,Energy
GOOGL,61.39,302125,2024-08-10T18:52:48.787754,Finance
GOOGL,61.0,34323,2024-08-09T18:52:48.787757,Healthcare
GOOGL,63.92,658674,2024-08-08T18:52:48.787760,Healthcare
GOOGL,64.19,185006,2024-08-07T18:52:48.787763,Energy
GOOGL,61.23,459577,2024-08-06T18:52:48.787766,Energy
GOOGL,63.66,118249,2024-08-05T18:52:48.787769,Healthcare
GOOGL,60.52,309197,2024-08-04T18:52:48.787772,Healthcare
GOOGL,63.4,228066,2024-08-03T18:52:48.787774,Healthcare
GOOGL,60.42,486812,2024-08-02T18:52:48.787782,Tech
GOOGL,61.43,370257,2024-08-01T18:52:48.787785,Energy
GOOGL,60.48,401628,2024-07-31T18:52:48.787788,Finance
GOOGL,60.54,539483,2024-07-30T18:52:48.787791,Energy
GOOGL,57.8,731878,2024-07-29T18:52:48.787794,Finance
GOOGL,56.86,428694,2024-07-28T18:52:48.787797,Finance
GOOGL,54.29,871548,2024-07-27T18:52:48.787800,Tech
GOOGL,51.95,229806,2024-07-26T18:52:48.787803,Finance
GOOGL,50.04,368238,2024-07-25T18:52:48.787805,Healthcare
GOOGL,50.53,502190,2024-07-24T18:52:48.787808,Healthcare
GOOGL,49.95,840774,2024-07-23T18:52:48.787811,Tech
GOOGL,47.5,343233,2024-07-22T18:52:48.787814,Finance
GOOGL,49.58,424445,2024-07-21T18:52:48.787817,Tech
GOOGL,51.15,847397,2024-07-20T18:52:48.787824,Energy
GOOGL,51.96,486167,2024-07-19T18:52:48.787827,Finance
GOOGL,53.24,48875,2024-07-18T18:52:48.787830,Energy
GOOGL,53.81,231662,2024-07-17T18:52:48.787833,Healthcare
GOOGL,51.8,520191,2024-07-16T18:52:48.787836,Healthcare
GOOGL,50.21,637634,2024-07-15T18:52:48.787839,Finance
GOOGL,49.91,892673,2024-07-14T18:52:48.787842,Finance
GOOGL,49.81,479270,2024-07-13T18:52:48.787844,Finance
GOOGL,51.24,433573,2024-07-12T18:52:48.787847,Energy
GOOGL,52.41,430851,2024-07-11T18:52:48.787850,Energy
GOOGL,53.08,133109,2024-07-10T18:52:48.787853,Healthcare
GOOGL,50.79,164424,2024-07-09T18:52:48.787856,Finance
GOOGL,51.9,754849,2024-07-08T18:52:48.787859,Healthcare
GOOGL,50.55,169642,2024-07-07T18:52:48.787862,Finance
GOOGL,49.17,482571,2024-07-06T18:52:48.787865,Healthcare
GOOGL,46.84,869045,2024-07-05T18:52:48.787867,Finance
GOOGL,47.06,296697,2024-07-04T18:52:48.787870,Tech
GOOGL,47.36,785036,2024-07-03T18:52:48.787875,Finance
GOOGL,45.18,796705,2024-07-02T18:52:48.787923,Healthcare
GOOGL,43.89,854520,2024-07-01T18:52:48.787935,Tech
GOOGL,44.8,365057,2024-06-30T18:52:48.787939,Tech
GOOGL,44.68,507418,2024-06-29T18:52:48.787979,Tech
GOOGL,43.49,890925,2024-06-28T18:52:48.787985,Tech
GOOGL,43.73,914063,2024-06-27T18:52:48.787988,Finance
GOOGL,42.12,458180,2024-06-26T18:52:48.788023,Energy
GOOGL,42.12,728636,2024-06-25T18:52:48.788026,Healthcare
GOOGL,40.71,179192,2024-06-24T18:52:48.788029,Healthcare
GOOGL,41.24,467384,2024-06-23T18:52:48.788032,Healthcare
GOOGL,41.85,416411,2024-06-22T18:52:48.788035,Healthcare
GOOGL,40.31,64749,2024-06-21T18:52:48.788038,Finance
GOOGL,41.7,725626,2024-06-20T18:52:48.788040,Healthcare
GOOGL,41.77,862985,2024-06-19T18:52:48.788043,Energy
GOOGL,43.24,938481,2024-06-18T18:52:48.788046,Energy
GOOGL,45.01,755256,2024-06-17T18:52:48.788049,Tech
GOOGL,46.55,992331,2024-06-16T18:52:48.788052,Finance
GOOGL,46.96,239833,2024-06-15T18:52:48.788055,Finance
GOOGL,45.02,971556,2024-06-14T18:52:48.788058,Tech
GOOGL,44.66,599296,2024-06-13T18:52:48.788061,Finance
GOOGL,45.82,936256,2024-06-12T18:52:48.788064,Finance
GOOGL,47.51,874182,2024-06-11T18:52:48.788066,Finance
GOOGL,48.75,263779,2024-06-10T18:52:48.788069,Tech
GOOGL,47.82,763231,2024-06-09T18:52:48.788072,Energy
GOOGL,45.9,978530,2024-06-08T18:52:48.788075,Tech
GOOGL,44.76,874951,2024-06-07T18:52:48.788077,Tech
GOOGL,44.01,110821,2024-06-06T18:52:48.788080,Energy
GOOGL,44.88,236348,2024-06-05T18:52:48.788083,Tech
GOOGL,46.88,482121,2024-06-04T18:52:48.788086,Finance
GOOGL,48.87,967064,2024-06-03T18:52:48.788089,Tech
GOOGL,47.46,926237,2024-06-02T18:52:48.788091,Healthcare
GOOGL,45.44,99465,2024-06-01T18:52:48.788094,Finance
GOOGL,46.62,419519,2024-05-31T18:52:48.788097,Finance
GOOGL,45.4,741446,2024-05-30T18:52:48.788100,Energy
GOOGL,46.05,148039,2024-05-29T18:52:48.788103,Tech
GOOGL,45.33,306359,2024-05-28T18:52:48.788105,Finance
GOOGL,47.03,405396,2024-05-27T18:52:48.788108,Tech
GOOGL,48.74,668192,2024-05-26T18:52:48.788111,Energy
GOOGL,48.45,307602,2024-05-25T18:52:48.788114,Healthcare
GOOGL,48.35,583626,2024-05-24T18:52:48.788117,Finance
GOOGL,47.91,268028,2024-05-23T18:52:48.788119,Energy
GOOGL,49.09,520286,2024-05-22T18:52:48.788122,Tech
GOOGL,47.09,876582,2024-05-21T18:52:48.788125,Tech
GOOGL,47.24,803871,2024-05-20T18:52:48.788128,Healthcare
GOOGL,47.2,16621,2024-05-19T18:52:48.788131,Energy
GOOGL,45.01,642018,2024-05-18T18:52:48.788134,Energy
GOOGL,46.07,805265,2024-05-17T18:52:48.788137,Tech
GOOGL,44.55,912549,2024-05-16T18:52:48.788139,Healthcare
GOOGL,43.79,899411,2024-05-15T18:52:48.788142,Energy
GOOGL,42.26,340172,2024-05-14T18:52:48.788145,Energy
GOOGL,43.77,417988,2024-05-13T18:52:48.788148,Tech
GOOGL,43.59,692709,2024-05-12T18:52:48.788151,Finance
GOOGL,43.82,38085,2024-05-11T18:52:48.788154,Healthcare
GOOGL,45.2,307701,2024-05-10T18:52:48.788156,Tech
GOOGL,47.06,491899,2024-05-09T18:52:48.788159,Energy
GOOGL,45.48,981539,2024-05-08T18:52:48.788162,Finance
GOOGL,44.06,384562,2024-05-07T18:52:48.788165,Tech
GOOGL,42.83,331634,2024-05-06T18:52:48.788168,Finance
GOOGL,43.13,695491,2024-05-05T18:52:48.788170,Finance
GOOGL,42.19,488813,2024-05-04T18:52:48.788173,Finance
GOOGL,41.33,131035,2024-05-03T18:52:48.788176,Finance
GOOGL,42.24,167381,2024-05-02T18:52:48.788179,Healthcare
GOOGL,42.85,402499,2024-05-01T18:52:48.788182,Energy
GOOGL,43.05,128050,2024-04-30T18:52:48.788264,Energy
GOOGL,41.09,807218,2024-04-29T18:52:48.788267,Healthcare
GOOGL,41.26,42999,2024-04-28T18:52:48.788271,Energy
GOOGL,42.03,934220,2024-04-27T18:52:48.788273,Finance
GOOGL,42.66,60510,2024-04-26T18:52:48.788277,Energy
GOOGL,43.1,666634,2024-04-25T18:52:48.788280,Energy
GOOGL,45.04,310769,2024-04-24T18:52:48.788283,Finance
GOOGL,46.88,589809,2024-04-23T18:52:48.788286,Energy
GOOGL,46.18,760462,2024-04-22T18:52:48.788288,Healthcare
GOOGL,44.43,433645,2024-04-21T18:52:48.788291,Finance
GOOGL,44.35,642869,2024-04-20T18:52:48.788294,Healthcare
GOOGL,44.6,503605,2024-04-19T18:52:48.788297,Healthcare
GOOGL,44.3,230185,2024-04-18T18:52:48.788300,Healthcare
GOOGL,43.82,654502,2024-04-17T18:52:48.788303,Tech
GOOGL,43.66,27937,2024-04-16T18:52:48.788306,Healthcare
GOOGL,43.8,617726,2024-04-15T18:52:48.788337,Tech
GOOGL,43.71,987352,2024-04-14T18:52:48.788369,Finance
GOOGL,44.15,77000,2024-04-13T18:52:48.788373,Tech
GOOGL,43.08,787749,2024-04-12T18:52:48.788376,Tech
GOOGL,43.5,408887,2024-04-11T18:52:48.788378,Energy
GOOGL,44.67,116605,2024-04-10T18:52:48.788381,Tech
GOOGL,44.04,899888,2024-04-09T18:52:48.788384,Energy
GOOGL,45.33,842876,2024-04-08T18:52:48.788413,Finance
GOOGL,47.29,181424,2024-04-07T18:52:48.788418,Energy
GOOGL,47.66,547437,2024-04-06T18:52:48.788421,Finance
GOOGL,46.89,363820,2024-04-05T18:52:48.788424,Tech
GOOGL,46.88,263567,2024-04-04T18:52:48.788427,Energy
GOOGL,46.13,460017,2024-04-03T18:52:48.788445,Healthcare
GOOGL,44.66,306698,2024-04-02T18:52:48.788448,Healthcare
GOOGL,42.91,825963,2024-04-01T18:52:48.788451,Finance
GOOGL,42.02,747034,2024-03-31T18:52:48.788484,Tech
GOOGL,42.31,783848,2024-03-30T18:52:48.788498,Finance
GOOGL,41.45,589663,2024-03-29T18:52:48.788506,Finance
GOOGL,40.43,560500,2024-03-28T18:52:48.788513,Finance
GOOGL,38.87,876301,2024-03-27T18:52:48.788521,Healthcare
GOOGL,40.69,856606,2024-03-26T18:52:48.788528,Healthcare
GOOGL,42.0,541797,2024-03-25T18:52:48.788535,Tech
GOOGL,40.06,992277,2024-03-24T18:52:48.788542,Finance
GOOGL,40.51,957790,2024-03-23T18:52:48.788549,Finance
GOOGL,40.37,232609,2024-03-22T18:52:48.788556,Energy
GOOGL,39.36,751649,2024-03-21T18:52:48.788563,Tech
GOOGL,39.23,527769,2024-03-20T18:52:48.788570,Tech
GOOGL,40.2,537766,2024-03-19T18:52:48.788586,Finance
GOOGL,39.73,171573,2024-03-18T18:52:48.788592,Finance
GOOGL,40.3,751341,2024-03-17T18:52:48.788595,Tech
GOOGL,41.91,912831,2024-03-16T18:52:48.788598,Finance
GOOGL,41.55,886474,2024-03-15T18:52:48.788601,Energy
GOOGL,41.49,447807,2024-03-14T18:52:48.788604,Finance
GOOGL,43.03,278311,2024-03-13T18:52:48.788607,Tech
GOOGL,40.95,38558,2024-03-12T18:52:48.788610,Tech
GOOGL,41.74,665308,2024-03-11T18:52:48.788612,Finance
GOOGL,42.87,604704,2024-03-10T18:52:48.788615,Healthcare
GOOGL,44.62,800016,2024-03-09T18:52:48.788618,Finance
GOOGL,42.88,980487,2024-03-08T18:52:48.788621,Energy
GOOGL,44.94,323595,2024-03-07T18:52:48.788624,Tech
GOOGL,43.95,510412,2024-03-06T18:52:48.788627,Tech
GOOGL,42.75,428803,2024-03-05T18:52:48.788629,Finance
GOOGL,41.75,645368,2024-03-04T18:52:48.788632,Energy
GOOGL,41.06,43328,2024-03-03T18:52:48.788635,Healthcare
GOOGL,40.49,462071,2024-03-02T18:52:48.788638,Finance
GOOGL,40.87,208499,2024-03-01T18:52:48.788641,Healthcare
GOOGL,40.99,227029,2024-02-29T18:52:48.788644,Healthcare
GOOGL,41.42,963353,2024-02-28T18:52:48.788647,Energy
GOOGL,40.46,926707,2024-02-27T18:52:48.788650,Healthcare
GOOGL,40.58,985448,2024-02-26T18:52:48.788653,Healthcare
GOOGL,42.48,287274,2024-02-25T18:52:48.788656,Healthcare
GOOGL,42.12,422117,2024-02-24T18:52:48.788659,Finance
GOOGL,40.96,906106,2024-02-23T18:52:48.788662,Tech
GOOGL,42.14,757189,2024-02-22T18:52:48.788665,Energy
GOOGL,41.33,986236,2024-02-21T18:52:48.788667,Healthcare
GOOGL,42.79,593664,2024-02-20T18:52:48.788670,Energy
GOOGL,40.96,591185,2024-02-19T18:52:48.788673,Finance
GOOGL,41.15,791153,2024-02-18T18:52:48.788676,Energy
GOOGL,40.47,550998,2024-02-17T18:52:48.788679,Healthcare
GOOGL,41.94,694660,2024-02-16T18:52:48.788682,Energy
GOOGL,41.97,812021,2024-02-15T18:52:48.788685,Energy
GOOGL,42.29,110648,2024-02-14T18:52:48.788687,Finance
GOOGL,41.42,861226,2024-02-13T18:52:48.788690,Finance
GOOGL,41.99,85385,2024-02-12T18:52:48.788693,Energy
GOOGL,41.14,959916,2024-02-11T18:52:48.788696,Healthcare
GOOGL,41.05,345059,2024-02-10T18:52:48.788699,Healthcare
GOOGL,42.88,705961,2024-02-09T18:52:48.788702,Healthcare
GOOGL,43.21,830231,2024-02-08T18:52:48.788705,Energy
GOOGL,43.18,688149,2024-02-07T18:52:48.788708,Energy
GOOGL,42.39,93311,2024-02-06T18:52:48.788728,Tech
GOOGL,41.26,380885,2024-02-05T18:52:48.788731,Energy
GOOGL,42.02,790698,2024-02-04T18:52:48.788734,Energy
GOOGL,40.71,545545,2024-02-03T18:52:48.788737,Tech
GOOGL,42.73,152051,2024-02-02T18:52:48.788753,Healthcare
GOOGL,42.89,628978,2024-02-01T18:52:48.788756,Energy
GOOGL,42.47,88582,2024-01-31T18:52:48.788759,Energy
GOOGL,43.34,336319,2024-01-30T18:52:48.788762,Healthcare
GOOGL,41.7,877127,2024-01-29T18:52:48.788786,Finance
GOOGL,41.94,333680,2024-01-28T18:52:48.788800,Tech
GOOGL,40.42,42283,2024-01-27T18:52:48.788816,Energy
GOOGL,41.37,60336,2024-01-26T18:52:48.788822,Finance
GOOGL,39.47,185743,2024-01-25T18:52:48.788825,Healthcare
GOOGL,37.7,964055,2024-01-24T18:52:48.788828,Energy
GOOGL,38.57,488356,2024-01-23T18:52:48.788831,Healthcare
GOOGL,37.84,447625,2024-01-22T18:52:48.788834,Finance
GOOGL,37.45,34152,2024-01-21T18:52:48.788837,Tech
GOOGL,38.8,881838,2024-01-20T18:52:48.788859,Tech
GOOGL,38.9,646451,2024-01-19T18:52:48.788863,Energy
GOOGL,39.39,948009,2024-01-18T18:52:48.788865,Healthcare
GOOGL,41.18,613001,2024-01-17T18:52:48.788869,Energy
GOOGL,39.53,807015,2024-01-16T18:52:48.788872,Tech
GOOGL,40.42,518552,2024-01-15T18:52:48.788875,Finance
GOOGL,39.29,335998,2024-01-14T18:52:48.788877,Energy
GOOGL,40.39,396566,2024-01-13T18:52:48.788880,Energy
GOOGL,39.2,92833,2024-01-12T18:52:48.788883,Energy
GOOGL,37.72,655854,2024-01-11T18:52:48.788886,Tech
GOOGL,36.97,40160,2024-01-10T18:52:48.788889,Finance
GOOGL,38.02,749594,2024-01-09T18:52:48.788891,Energy
GOOGL,37.93,194029,2024-01-08T18:52:48.788894,Healthcare
GOOGL,38.73,975544,2024-01-07T18:52:48.788897,Energy
GOOGL,38.86,980283,2024-01-06T18:52:48.788900,Healthcare
GOOGL,37.6,567497,2024-01-05T18:52:48.788903,Tech
GOOGL,38.56,218972,2024-01-04T18:52:48.788906,Tech
GOOGL,37.89,508742,2024-01-03T18:52:48.788908,Tech
GOOGL,39.4,399022,2024-01-02T18:52:48.788911,Healthcare
GOOGL,38.1,238602,2024-01-01T18:52:48.788914,Finance
GOOGL,36.68,783965,2023-12-31T18:52:48.788917,Healthcare
GOOGL,36.92,48705,2023-12-30T18:52:48.788920,Finance
GOOGL,36.31,783711,2023-12-29T18:52:48.788923,Finance
GOOGL,35.8,429297,2023-12-28T18:52:48.788926,Tech
GOOGL,37.07,801531,2023-12-27T18:52:48.788928,Tech
GOOGL,37.82,237566,2023-12-26T18:52:48.788931,Tech
GOOGL,37.6,350870,2023-12-25T18:52:48.788950,Energy
GOOGL,37.47,802762,2023-12-24T18:52:48.788960,Finance
GOOGL,37.42,617427,2023-12-23T18:52:48.788967,Energy
GOOGL,35.86,170363,2023-12-22T18:52:48.788974,Finance
GOOGL,35.73,697472,2023-12-21T18:52:48.788980,Finance
GOOGL,36.79,749334,2023-12-20T18:52:48.788987,Healthcare
GOOGL,34.99,270860,2023-12-19T18:52:48.788995,Tech
GOOGL,35.31,73351,2023-12-18T18:52:48.789002,Finance
GOOGL,33.91,430493,2023-12-17T18:52:48.789009,Energy
GOOGL,34.75,531649,2023-12-16T18:52:48.789019,Tech
GOOGL,35.38,196132,2023-12-15T18:52:48.789026,Finance
GOOGL,34.96,535746,2023-12-14T18:52:48.789033,Healthcare
GOOGL,36.64,526921,2023-12-13T18:52:48.789050,Tech
GOOGL,35.57,275176,2023-12-12T18:52:48.789054,Tech
GOOGL,36.06,300123,2023-12-11T18:52:48.789057,Tech
GOOGL,34.26,642074,2023-12-10T18:52:48.789060,Tech
GOOGL,32.97,33792,2023-12-09T18:52:48.789063,Healthcare
GOOGL,32.79,771487,2023-12-08T18:52:48.789066,Finance
GOOGL,33.56,56421,2023-12-07T18:52:48.789069,Energy
GOOGL,31.94,644565,2023-12-06T18:52:48.789072,Finance
GOOGL,30.43,532254,2023-12-05T18:52:48.789075,Tech
GOOGL,30.78,670046,2023-12-04T18:52:48.789078,Finance
GOOGL,29.6,888657,2023-12-03T18:52:48.789081,Finance
GOOGL,29.64,958097,2023-12-02T18:52:48.789084,Tech
GOOGL,30.69,489053,2023-12-01T18:52:48.789086,Tech
GOOGL,31.19,44742,2023-11-30T18:52:48.789089,Healthcare
GOOGL,32.2,756969,2023-11-29T18:52:48.789092,Energy
GOOGL,32.62,140657,2023-11-28T18:52:48.789095,Finance
GOOGL,31.91,912212,2023-11-27T18:52:48.789098,Finance
GOOGL,31.23,55545,2023-11-26T18:52:48.789101,Finance
GOOGL,32.12,813762,2023-11-25T18:52:48.789104,Finance
GOOGL,31.6,215990,2023-11-24T18:52:48.789107,Finance
GOOGL,32.54,664158,2023-11-23T18:52:48.789110,Healthcare
GOOGL,31.92,768308,2023-11-22T18:52:48.789113,Healthcare
GOOGL,31.65,913040,2023-11-21T18:52:48.789116,Energy
GOOGL,33.16,240685,2023-11-20T18:52:48.789119,Tech
GOOGL,31.73,922291,2023-11-19T18:52:48.789121,Energy
GOOGL,31.2,720566,2023-11-18T18:52:48.789124,Healthcare
GOOGL,32.63,905340,2023-11-17T18:52:48.789127,Finance
GOOGL,31.61,97698,2023-11-16T18:52:48.789130,Healthcare
GOOGL,31.87,124102,2023-11-15T18:52:48.789133,Healthcare
GOOGL,31.09,301064,2023-11-14T18:52:48.789136,Healthcare
GOOGL,31.59,859424,2023-11-13T18:52:48.789139,Healthcare
GOOGL,30.04,678548,2023-11-12T18:52:48.789142,Tech
GOOGL,29.5,160117,2023-11-11T18:52:48.789144,Tech
GOOGL,29.03,891546,2023-11-10T18:52:48.789154,Energy
GOOGL,29.73,363051,2023-11-09T18:52:48.789208,Healthcare
GOOGL,29.0,386706,2023-11-08T18:52:48.789212,Finance
GOOGL,29.59,762165,2023-11-07T18:52:48.789215,Tech
GOOGL,28.54,479941,2023-11-06T18:52:48.789218,Tech
GOOGL,27.14,949433,2023-11-05T18:52:48.789220,Energy
GOOGL,26.22,309920,2023-11-04T18:52:48.789239,Tech
GOOGL,26.11,349924,2023-11-03T18:52:48.789242,Tech
GOOGL,27.25,142706,2023-11-02T18:52:48.789245,Tech
GOOGL,27.24,271136,2023-11-01T18:52:48.789248,Healthcare
GOOGL,26.78,297531,2023-10-31T18:52:48.789251,Finance
GOOGL,25.49,397559,2023-10-30T18:52:48.789254,Energy
GOOGL,25.74,782889,2023-10-29T18:52:48.789257,Finance
GOOGL,26.49,406923,2023-10-28T18:52:48.789260,Finance
GOOGL,26.49,155981,2023-10-27T18:52:48.789263,Tech
GOOGL,27.57,205886,2023-10-26T18:52:48.789265,Energy
GOOGL,27.47,772897,2023-10-25T18:52:48.789268,Energy
GOOGL,26.88,739047,2023-10-24T18:52:48.789271,Tech
GOOGL,26.11,346474,2023-10-23T18:52:48.789274,Tech
GOOGL,25.55,222097,2023-10-22T18:52:48.789277,Tech
GOOGL,25.65,559458,2023-10-21T18:52:48.789280,Finance
GOOGL,25.1,621350,2023-10-20T18:52:48.789282,Tech
GOOGL,25.85,927277,2023-10-19T18:52:48.789285,Tech
GOOGL,26.01,991526,2023-10-18T18:52:48.789288,Healthcare
GOOGL,24.99,313676,2023-10-17T18:52:48.789291,Energy
GOOGL,24.82,423854,2023-10-16T18:52:48.789293,Energy
GOOGL,25.81,883315,2023-10-15T18:52:48.789296,Healthcare
GOOGL,26.94,809635,2023-10-14T18:52:48.789299,Tech
GOOGL,27.04,784308,2023-10-13T18:52:48.789302,Energy
GOOGL,26.87,649076,2023-10-12T18:52:48.789305,Tech
GOOGL,27.96,589698,2023-10-11T18:52:48.789307,Tech
GOOGL,27.06,658543,2023-10-10T18:52:48.789310,Energy
GOOGL,27.21,257739,2023-10-09T18:52:48.789313,Healthcare
GOOGL,27.72,47411,2023-10-08T18:52:48.789316,Finance
GOOGL,28.15,431781,2023-10-07T18:52:48.789319,Energy
GOOGL,27.22,717695,2023-10-06T18:52:48.789322,Energy
GOOGL,28.36,261933,2023-10-05T18:52:48.789324,Finance
GOOGL,29.01,723728,2023-10-04T18:52:48.789327,Healthcare
GOOGL,27.68,669317,2023-10-03T18:52:48.789330,Tech
GOOGL,28.24,872333,2023-10-02T18:52:48.789333,Tech
GOOGL,29.12,135724,2023-10-01T18:52:48.789336,Finance
GOOGL,27.74,783010,2023-09-30T18:52:48.789338,Finance
GOOGL,28.07,324422,2023-09-29T18:52:48.789357,Finance
GOOGL,26.67,930818,2023-09-28T18:52:48.789360,Energy
GOOGL,27.67,786250,2023-09-27T18:52:48.789363,Tech
GOOGL,28.56,254977,2023-09-26T18:52:48.789366,Tech
GOOGL,28.2,793749,2023-09-25T18:52:48.789369,Tech
GOOGL,26.84,702305,2023-09-24T18:52:48.789372,Healthcare
GOOGL,25.96,992133,2023-09-23T18:52:48.789375,Healthcare
GOOGL,26.72,364825,2023-09-22T18:52:48.789389,Finance
GOOGL,26.4,930654,2023-09-21T18:52:48.789392,Tech
GOOGL,25.81,183627,2023-09-20T18:52:48.789395,Healthcare
GOOGL,25.82,60870,2023-09-19T18:52:48.789398,Healthcare
GOOGL,26.25,446420,2023-09-18T18:52:48.789400,Tech
GOOGL,26.7,232273,2023-09-17T18:52:48.789403,Finance
GOOGL,25.75,639571,2023-09-16T18:52:48.789406,Finance
GOOGL,26.88,918333,2023-09-15T18:52:48.789409,Energy
GOOGL,27.08,440811,2023-09-14T18:52:48.789412,Energy
GOOGL,26.83,358871,2023-09-13T18:52:48.789415,Healthcare
GOOGL,26.9,477076,2023-09-12T18:52:48.789418,Tech
GOOGL,27.1,253847,2023-09-11T18:52:48.789421,Energy
GOOGL,27.46,446759,2023-09-10T18:52:48.789423,Healthcare
GOOGL,26.87,334607,2023-09-09T18:52:48.789426,Energy
GOOGL,27.32,515566,2023-09-08T18:52:48.789429,Tech
GOOGL,26.49,810837,2023-09-07T18:52:48.789432,Energy
GOOGL,26.98,58888,2023-09-06T18:52:48.789435,Tech
GOOGL,27.32,609002,2023-09-05T18:52:48.789437,Energy
GOOGL,26.79,708558,2023-09-04T18:52:48.789440,Tech
GOOGL,26.37,982338,2023-09-03T18:52:48.789443,Energy
GOOGL,25.17,627543,2023-09-02T18:52:48.789446,Energy
GOOGL,24.27,679746,2023-09-01T18:52:48.789449,Tech
GOOGL,23.45,860679,2023-08-31T18:52:48.789452,Tech
GOOGL,24.3,554870,2023-08-30T18:52:48.789454,Tech
GOOGL,25.09,939360,2023-08-29T18:52:48.789457,Finance
GOOGL,26.12,571200,2023-08-28T18:52:48.789460,Energy
GOOGL,26.36,49766,2023-08-27T18:52:48.789463,Finance
GOOGL,27.43,530748,2023-08-26T18:52:48.789466,Finance
GOOGL,26.38,867065,2023-08-25T18:52:48.789469,Energy
GOOGL,27.22,563816,2023-08-24T18:52:48.789471,Tech
GOOGL,27.31,285107,2023-08-23T18:52:48.789474,Tech
GOOGL,28.17,534969,2023-08-22T18:52:48.789477,Energy
GOOGL,27.6,802871,2023-08-21T18:52:48.789480,Tech
GOOGL,27.14,386454,2023-08-20T18:52:48.789483,Finance
GOOGL,26.77,711982,2023-08-19T18:52:48.789486,Tech
GOOGL,26.9,698214,2023-08-18T18:52:48.789489,Finance
GOOGL,27.23,12928,2023-08-17T18:52:48.789492,Energy
GOOGL,28.38,125371,2023-08-16T18:52:48.789495,Energy
GOOGL,29.45,805486,2023-08-15T18:52:48.789497,Healthcare
GOOGL,28.06,775360,2023-08-14T18:52:48.789500,Tech
GOOGL,29.22,603819,2023-08-13T18:52:48.789503,Finance
GOOGL,30.45,178536,2023-08-12T18:52:48.789506,Healthcare
GOOGL,31.24,644956,2023-08-11T18:52:48.789509,Healthcare
GOOGL,31.98,897205,2023-08-10T18:52:48.789511,Finance
GOOGL,33.01,592527,2023-08-09T18:52:48.789514,Finance
GOOGL,33.22,711431,2023-08-08T18:52:48.789517,Healthcare
GOOGL,32.74,584326,2023-08-07T18:52:48.789520,Finance
GOOGL,32.05,832709,2023-08-06T18:52:48.789523,Finance
GOOGL,30.98,515103,2023-08-05T18:52:48.789526,Tech
GOOGL,30.69,389803,2023-08-04T18:52:48.789528,Tech
GOOGL,29.7,201882,2023-08-03T18:52:48.789531,Finance
GOOGL,28.87,858390,2023-08-02T18:52:48.789534,Tech
GOOGL,29.06,141164,2023-08-01T18:52:48.789537,Healthcare
GOOGL,29.12,830701,2023-07-31T18:52:48.789540,Tech
GOOGL,29.68,383093,2023-07-30T18:52:48.789543,Finance
GOOGL,30.11,119277,2023-07-29T18:52:48.789545,Healthcare
GOOGL,31.36,551847,2023-07-28T18:52:48.789548,Finance
GOOGL,30.54,419719,2023-07-27T18:52:48.789551,Finance
GOOGL,29.59,281710,2023-07-26T18:52:48.789554,Healthcare
GOOGL,30.84,858433,2023-07-25T18:52:48.789557,Tech
GOOGL,30.6,833311,2023-07-24T18:52:48.789560,Healthcare
GOOGL,29.83,106638,2023-07-23T18:52:48.789562,Finance
GOOGL,31.02,201218,2023-07-22T18:52:48.789571,Energy
GOOGL,31.6,750323,2023-07-21T18:52:48.789575,Energy
GOOGL,31.57,954895,2023-07-20T18:52:48.789578,Tech
GOOGL,31.99,784105,2023-07-19T18:52:48.789581,Healthcare
GOOGL,33.54,767022,2023-07-18T18:52:48.789584,Tech
GOOGL,33.57,35468,2023-07-17T18:52:48.789587,Tech
GOOGL,35.14,92246,2023-07-16T18:52:48.789590,Healthcare
GOOGL,35.06,119120,2023-07-15T18:52:48.789593,Finance
GOOGL,34.75,842427,2023-07-14T18:52:48.789596,Energy
GOOGL,34.0,585726,2023-07-13T18:52:48.789599,Tech
GOOGL,33.84,411708,2023-07-12T18:52:48.789602,Energy
GOOGL,33.59,887579,2023-07-11T18:52:48.789604,Tech
GOOGL,32.45,164583,2023-07-10T18:52:48.789607,Energy
GOOGL,31.58,724518,2023-07-09T18:52:48.789610,Healthcare
GOOGL,32.08,237560,2023-07-08T18:52:48.789613,Energy
GOOGL,31.82,82892,2023-07-07T18:52:48.789616,Energy
GOOGL,32.13,498712,2023-07-06T18:52:48.789619,Energy
GOOGL,31.55,541536,2023-07-05T18:52:48.789622,Energy
GOOGL,30.01,733041,2023-07-04T18:52:48.789643,Energy
GOOGL,30.53,711302,2023-07-03T18:52:48.789647,Finance
GOOGL,30.4,298802,2023-07-02T18:52:48.789650,Healthcare
GOOGL,28.9,441016,2023-07-01T18:52:48.789653,Tech
GOOGL,28.48,727793,2023-06-30T18:52:48.789656,Finance
GOOGL,29.69,843687,2023-06-29T18:52:48.789659,Tech
GOOGL,30.9,786248,2023-06-28T18:52:48.789662,Healthcare
GOOGL,30.54,569476,2023-06-27T18:52:48.789665,Healthcare
GOOGL,29.29,427754,2023-06-26T18:52:48.789668,Tech
GOOGL,29.11,255143,2023-06-25T18:52:48.789671,Tech
GOOGL,30.21,492695,2023-06-24T18:52:48.789673,Tech
GOOGL,31.66,353958,2023-06-23T18:52:48.789676,Healthcare
GOOGL,33.01,654578,2023-06-22T18:52:48.789679,Finance
GOOGL,34.11,345187,2023-06-21T18:52:48.789682,Healthcare
GOOGL,34.7,153453,2023-06-20T18:52:48.789685,Tech
GOOGL,36.08,712284,2023-06-19T18:52:48.789688,Energy
GOOGL,36.11,77647,2023-06-18T18:52:48.789691,Finance
GOOGL,36.91,757393,2023-06-17T18:52:48.789693,Energy
GOOGL,35.49,540431,2023-06-16T18:52:48.789696,Energy
GOOGL,36.89,64469,2023-06-15T18:52:48.789699,Healthcare
GOOGL,35.14,331747,2023-06-14T18:52:48.789702,Healthcare
GOOGL,35.2,91333,2023-06-13T18:52:48.789705,Energy
GOOGL,35.21,869623,2023-06-12T18:52:48.789707,Healthcare
GOOGL,33.5,79506,2023-06-11T18:52:48.789710,Energy
GOOGL,34.59,291769,2023-06-10T18:52:48.789713,Tech
GOOGL,35.49,427106,2023-06-09T18:52:48.789716,Energy
GOOGL,37.0,299123,2023-06-08T18:52:48.789719,Energy
GOOGL,37.9,483537,2023-06-07T18:52:48.789722,Healthcare
GOOGL,39.07,362995,2023-06-06T18:52:48.789725,Healthcare
GOOGL,39.15,704314,2023-06-05T18:52:48.789744,Finance
GOOGL,39.72,179796,2023-06-04T18:52:48.789748,Finance
GOOGL,40.06,152968,2023-06-03T18:52:48.789751,Tech
GOOGL,38.43,18339,2023-06-02T18:52:48.789754,Tech
GOOGL,38.61,717655,2023-06-01T18:52:48.789756,Finance
GOOGL,38.87,958785,2023-05-31T18:52:48.789759,Healthcare
GOOGL,40.01,269597,2023-05-30T18:52:48.789762,Healthcare
GOOGL,39.25,939687,2023-05-29T18:52:48.789765,Healthcare
GOOGL,37.86,504267,2023-05-28T18:52:48.789768,Finance
GOOGL,38.51,250364,2023-05-27T18:52:48.789771,Tech
GOOGL,37.41,224134,2023-05-26T18:52:48.789774,Finance
GOOGL,37.62,717299,2023-05-25T18:52:48.789777,Tech
GOOGL,38.09,736676,2023-05-24T18:52:48.789780,Healthcare
GOOGL,36.21,945909,2023-05-23T18:52:48.789783,Healthcare
GOOGL,37.4,127721,2023-05-22T18:52:48.789786,Healthcare
GOOGL,36.07,901657,2023-05-21T18:52:48.789789,Tech
GOOGL,37.8,974352,2023-05-20T18:52:48.789791,Healthcare
GOOGL,38.56,895920,2023-05-19T18:52:48.789794,Tech
GOOGL,40.12,343420,2023-05-18T18:52:48.789797,Energy
GOOGL,41.39,202125,2023-05-17T18:52:48.789800,Energy
GOOGL,41.37,702780,2023-05-16T18:52:48.789803,Tech
GOOGL,39.81,557913,2023-05-15T18:52:48.789806,Finance
GOOGL,38.87,528182,2023-05-14T18:52:48.789808,Energy
